4568 5702
1112 387 1137 468 8

259 638 354 711 quae
383 612 520 713 scripta
563 609 797 710 reperiuntur
832 611 871 682 in
894 608 1018 708 Etym.
1046 609 1173 707 Magn.
1201 635 1238 708 p.
1270 606 1364 692 170,
1391 604 1458 678 29:
1498 610 1663 700 λέγονται
1700 609 1737 682 n
1763 606 1912 680 αὐλαῖαι
1939 608 1984 680 τα
2022 693 2024 700 Α

259 749 573 842 παραπετασματα
607 747 668 835 τῆς
694 746 833 834 σκηνῆς,
862 738 913 822 ὡς
935 747 1036 836 παρὰ
1063 747 1115 837 τῷ
1142 743 1340 836 crotera,
1387 733 1608 834 quibuscum
1643 719 1879 812 conferenda¹
1898 755 1983 814 sunt

260 899 356 974 quae
395 872 547 974 praebet
571 869 739 959 Zonaras
764 896 799 971 p.
828 870 902 944 345
931 870 1156 945 Tittmann.:
1187 867 1376 942 ,ΑὐλαῖαιΙ
1403 867 1442 939 αἱ
1468 867 1607 965 δέρρεις
1641 874 1701 962 τῆς
1733 875 1882 964 σκηνῆς,
1924 876 1983 942 τοῦ

259 1008 463 1099 θεολόγοα·
489 1009 561 1075 τῶν
588 1001 753 1076 astacon
778 1010 830 1098 μὴ
860 1013 965 1097 calep
980 1002 1018 1095 7).
1060 998 1275 1102 Hyperides
1297 1012 1431 1092 autem,
1460 996 1509 1070 ad
1531 1023 1641 1097 quem
1655 998 1711 1072 illi
1727 1001 1984 1102 lexicographi

258 1147 472 1236 provocant,
497 1132 576 1233 ipse
601 1133 755 1210 minime
782 1129 932 1232 quidem
960 1129 1007 1206 dc
1029 1129 1172 1205 theatro
1200 1119 1466 1205 sermocinatus
1488 1143 1576 1225 crat,
1604 1155 1674 1204 nec
1688 1133 1806 1230 magis
1831 1131 1879 1209 de
1904 1145 1984 1208 ten·

197 1350 202 1372 ¹
259 1263 374 1360 torio,
413 1263 477 1339 sed
503 1289 588 1337 eum
612 1265 777 1338 velorum
804 1288 913 1338 usum
938 1275 1168 1360 respexerat,
1209 1287 1255 1335 ex
1279 1286 1352 1358 quo
1379 1257 1478 1334 intra
1504 1259 1615 1336 aedes
1641 1261 1914 1338 adhibebantur
1935 1262 1984 1337 ad

259 1395 617 1496 circumsepiendum
644 1407 681 1469 et
707 1389 966 1494 separandum.
1036 1390 1310 1466 Praeterea-
1345 1388 1385 1463 id
1420 1388 1520 1487 quod
1553 1389 1818 1490 gravissimum
1855 1407 1911 1469 est
1934 1437 1973 1448 -

261 1526 364 1622 ordo,
389 1553 463 1626 quo
490 1552 549 1600 res
575 1521 625 1598 ad
651 1524 833 1598 theatrum
855 1523 1081 1624 pertinentes
1109 1522 1209 1624 apud
1235 1521 1427 1597 Pollucem
1454 1533 1629 1594 natrano
1656 1538 1762 1621 sunt,
1796 1547 1874 1598 non
1897 1522 1985 1597 sinit

260 1657 382 1731 velum
405 1659 442 1752 ξ.
455 1673 457 1680 ’
472 1655 543 1728 122
571 1669 899 1730 commemoratum
925 1654 974 1729 ad
1001 1681 1176 1730 scaenam
1202 1653 1351 1728 referre.
1405 1651 1503 1726 Nam
1531 1677 1585 1747 ea,
1614 1678 1708 1752 quae
1732 1653 1844 1728 hicet
1858 1654 1981 1755 paullo

260 1801 345 1862 ante
372 1785 616 1886 disputantur,
642 1810 720 1859 non
747 1800 913 1886 spectant
932 1787 1006 1863 nisi
1032 1785 1081 1862 ad
1108 1811 1202 1881 eam,
1230 1811 1343 1884 quam
1368 1783 1531 1857 Romani
1557 1809 1707 1858 caveam
1735 1784 1981 1885 appellabant

377 1915 482 2008 Quae
510 1939 595 1988 cum
621 1914 673 1990 ita
698 1915 789 2014 sint,
832 1916 932 1992 dicat
957 1917 1109 2017 aliquis,
1147 1917 1210 1992 vix
1237 1915 1393 1992 dubium
1433 1940 1514 1989 csse
1539 1939 1670 2013 posse,
1709 1913 1799 2012 quin
1827 1912 1874 1990 de
1899 1915 1981 1992 velo

260 2047 328 2124 illo*
352 2072 472 2122 sermo
501 2044 558 2140 sit,
586 2073 660 2144 quo
683 2062 824 2123 veteres
847 2075 915 2148 per
936 2061 1081 2150 tempus
1107 2047 1282 2124 ludorum
1316 2070 1467 2120 caveam
1493 2044 1683 2144 operuisse
1720 2059 1873 2121 constat.
1937 2050 1982 2124 In

260 2178 359 2250 hanc
393 2175 613 2252 sententiam
638 2177 713 2277 jam
741 2177 887 2278 pridem
914 2179 1007 2254 abiit
1033 2177 1260 2280 Stieglitzius
1287 2177 1326 2251 in
1354 2174 1471 2271 libro,
1511 2175 1572 2248 cui
1601 2173 1746 2250 titulum
1773 2177 1860 2252 fecit
1880 2177 1982 2276 „En-

260 2307 476 2408 cyclopttdie
497 2305 564 2380 der
590 2306 753 2408 biirgerl.
781 2307 1004 2405 Baukunst”,
1031 2309 1075 2384 T.
1101 2309 1166 2404 IV,
1190 2337 1228 2410 p.
1257 2309 1326 2404 55,
1366 2321 1477 2403 atque
1498 2304 1538 2377 in
1566 2329 1628 2399 eo,
1657 2331 1768 2403 quem
1794 2308 1983 2410 inscripsit

247 2435 622 2536 ¹„Archaeologische
648 2436 990 2540 Unterhaltungen’'
1017 2439 1117 2515 Part
1145 2438 1174 2532 l,
1200 2465 1237 2538 p.
1268 2441 1327 2512 99.
1384 2436 1515 2512 'Potest
1541 2463 1585 2510 ea
1611 2437 1721 2512 ctiam
1747 2438 1821 2514 hoc
1845 2441 1981 2543 proba-

260 2567 374 2644 bilior
399 2566 507 2642 reddi
526 2564 666 2662 videri,
703 2565 805 2664 quod
828 2567 1143 2644 Wordsworthius
1169 2568 1210 2641 in
1236 2569 1351 2665 libr0,
1384 2567 1448 2666 qui
1474 2567 1689 2644 inscribitur
1713 2570 1881 2665 „Athens
1906 2573 1981 2646 and

259 2693 413 2793 Attioa'',
440 2725 476 2798 p.
497 2695 645 2774 coedit.
661 2697 708 2794 II,
737 2697 777 2772 in
803 2698 946 2775 theatro
962 2699 1146 2774 Bacchico
1163 2698 1458 2796 Atheniensium,
1484 2699 1532 2774 ad
1553 2699 1653 2798 quod
1676 2725 1721 2774 ex
1743 2715 1871 2776 nostra
1896 2729 1981 2778 sen-

259 2831 376 2906 tentia
396 2829 473 2925 illa,
501 2855 597 2927 quae
622 2829 816 2904 traduntur
842 2855 865 2903 a
889 2828 1042 2905 Polluce
1068 2827 1263 2905 referenda
1293 2843 1398 2926 sunt,
1440 2857 1479 2905 se
1504 2831 1628 2931 ipsum
1655 2829 1791 2907 vidisse
1818 2857 1980 2910 ancones

256 2959 341 3034 illos
368 2960 596 3061 perforatos,
627 2959 690 3056 qui
720 2961 812 3036 velis
841 2957 1087 3035 extendendis
1118 2959 1352 3057 serviebant,
1379 2975 1544 3038 testatm.

374 3091 503 3166 Nihilo
532 3091 652 3166 secius
679 3117 751 3191 ego
779 3091 928 3189 quidem
955 3092 1194 3167 vehementer
1221 3091 1368 3190 dubito,
1404 3121 1495 3168 num
1521 3092 1587 3166 illa
1611 3091 1786 3166 vocabuli
1811 3108 1979 3190 παραπε-

258 3248 380 3315 τασμα
407 3222 660 3322 interpretatio
684 3221 913 3296 admittenda
940 3221 997 3296 sit
1049 3219 1199 3298 Etenim
1226 3224 1457 3326 temporibus
1484 3222 1665 3298 Graeciae
1690 3222 1851 3320 liberae,
1885 3251 1980 3322 quae

258 3352 390 3454 procul
425 3351 539 3426 dubio
572 3353 819 3452 respiciuntur
856 3377 878 3426 a
910 3351 1082 3445 Polluce,
1121 3353 1290 3428 nondum
1325 3353 1507 3430 exstitisse
1540 3380 1648 3428 usum
1681 3368 1796 3429 totam
1829 3379 1978 3430 caveam

258 3483 351 3559 velis
375 3481 577 3583 operiendi,
600 3509 644 3557 eo
670 3483 791 3583 magis
811 3495 956 3558 certum
982 3495 1048 3577 est,
1076 3483 1176 3582 quod
1200 3511 1246 3558 ex
1260 3484 1457 3559 Aeschinis
1483 3484 1661 3559 orationis
1678 3483 1820 3559 advers.
1861 3485 1979 3561 Ctesi·

259 3613 438 3715 phontem
462 3617 498 3710 ξ.
522 3617 566 3688 76
596 3626 772 3714 apparet,
800 3614 976 3710 evenisse,
1004 3629 1044 3689 ut
1070 3614 1208 3714 singuli
1234 3613 1308 3689 loci
1333 3613 1382 3689 ad
1409 3614 1632 3716 proedriam,
1655 3641 1767 3713 quam
1784 3617 1977 3706 vocabant,

260 3743 490 3844 pertinentes
518 3757 776 3845 separarentur
802 3771 824 3818 a
847 3743 999 3842 reliquis
1026 3759 1062 3819 et
1088 3745 1320 3845 operirentur
1343 3746 1453 3841 velis,
1479 3745 1519 3818 id
1544 3744 1645 3845 quod
1672 3745 1882 3847 significavi
1899 3750 1979 3849 jam

259 3872 300 3946 in
326 3872 527 3973 scriptione
553 3874 600 3948 de
626 3874 769 3949 theatro
797 3900 854 3974 gr.
881 3889 1007 3964 vetere
1029 3877 1053 3949 l.
1081 3900 1112 3950 c.
1139 3904 1176 3976 p.
1203 3879 1291 3971 214,
1319 3873 1405 3949 adn.
1434 3882 1494 3953 63.
1548 3877 1609 3952 Ad
1636 3878 1708 3953 hoc
1732 3877 1847 3978 igitur
1873 3903 1977 3954 revo-

259 4002 379 4078 canda
406 4030 485 4079 esse
511 4005 576 4078 illa
601 4004 714 4080 verba
740 4032 763 4078 a
788 4003 941 4079 Polluce
967 4007 1087 4105 posita
1121 4007 1302 4083 existimo.
1376 4010 1520 4086 Favent
1552 4024 1673 4084 autem
1709 4008 1796 4083 huic
1832 4025 1978 4086 senten-

259 4135 342 4231 tiae,
368 4135 442 4208 nisi
470 4135 673 4212 eminenter
697 4134 832 4230 fallor,
867 4159 949 4208 cum
987 4137 1149 4212 maxime
1174 4137 1308 4235 verba,
1345 4164 1439 4237 quae
1475 4139 1624 4215 suntin
1652 4140 1735 4215 loco
1761 4139 1977 4242 Hyperidis,

262 4291 372 4364 quem
396 4265 607 4342 testimonio
635 4265 839 4362 attulimus,
863 4265 1019 4342 haecce:
1048 4275 1365 4368 περιφραξάμεναί
1387 4300 1418 4345 τι
1444 4285 1556 4372 μέρος
1584 4270 1690 4366 αὐτῆς
1712 4269 1858 4370 αὐλαίᾳ.

1097 4471 1146 4546 ΙΙ.

268 4713 270 4720 Ι
364 4625 497 4702 Pollux
521 4643 718 4729 postquam
754 4635 792 4727 ξ.
822 4634 893 4707 124
937 4637 1048 4729 τριῶν
1072 4637 1152 4705 τῶν
1189 4641 1281 4708 κατὰ
1318 4645 1380 4732 τὴν
1417 4648 1548 4733 σκηνὴν
1583 4643 1713 4735 θυρῶν
1749 4636 1976 4713 mentionem

350 4821 381 4896 7)
404 4822 492 4898 Apud
514 4821 658 4882 Zonaram
679 4827 748 4900 post
769 4819 922 4900 θεολόγον
939 4823 1058 4884 videtur
1078 4823 1278 4884 intercidisse:
1300 4827 1442 4902 λέγοντος.
