4568 5702
1134 353 1185 434 18

313 601 476 651 onorem
496 571 604 648 illum
631 573 784 672 creavit,
813 573 897 650 dico
924 571 1095 674 equidem
1121 574 1294 673 ὑψηλοῖο,
1318 572 1418 672 quod
1437 573 1483 651 iu
1511 572 1703 648 codicibus
1730 572 1861 648 haberi
1888 577 1942 670 (ut
1968 569 2029 642 in-

311 703 468 784 venitm·¹
490 704 600 778 etiarn
636 703 735 804 apud
770 705 1009 782 scholiastam
1044 704 1093 779 ad
1131 703 1332 782 Clementis
1364 703 1567 780 Alexandr.
1601 703 1782 806 Protrept
1816 732 1852 805 p.
1884 709 1941 798 11,
1980 705 2029 774 15

311 835 462 932 Potter.‚
491 836 555 935 qui
582 835 711 912 eadem
739 849 849 935 atque
863 836 997 911 Pollux
1025 837 1137 912 tradit
1161 839 1218 914 vel
1247 864 1292 912 ex
1318 835 1560 914 Onomastioo
1583 836 1664 938 ipso
1686 837 1744 913 vel
1769 863 1814 911 ex
1835 833 2030 912 conmmui

311 963 413 1038 tonte
429 965 571 1062 hausta,
584 964 659 1039 vid.
670 963 851 1040 Clement.
859 966 919 1040 Al.
934 993 1021 1067 opp.
1037 994 1061 1041 a
1081 967 1216 1043 Reinh.
1231 967 1382 1043 Klotzio
1397 995 1546 1070 recogn.
1560 967 1643 1042 Vol.
1657 967 1764 1068 lV‚p.
1782 969 1844 1069 98)
1864 966 2033 1043 refemnt

311 1095 482 1170 homines
509 1093 619 1192 docti,
647 1095 822 1195 quiante
849 1096 1050 1174 editionem
1070 1099 1232 1176 Pollucis
1259 1099 1320 1176 ab.
1342 1099 1372 1176 I.
1401 1101 1567 1176 Bekkero
1597 1115 1760 1176 curatam
1788 1100 2030 1201 scripserunt,

313 1256 538 1329 quamquam
559 1257 673 1329 quum
695 1230 757 1306 hic
782 1257 859 1306 non
885 1231 1126 1330 adnotaverit,
1153 1231 1296 1332 ὑψηλόν
1319 1233 1366 1308 de
1391 1232 1602 1333 conjectura
1628 1231 1804 1332 scriptum
1826 1257 1916 1328 essa
1943 1228 2031 1305 fieri

311 1374 440 1460 potest7
467 1375 507 1434 ut
528 1360 622 1436 haec
646 1360 827 1462 scriptura
853 1361 893 1435 in
918 1362 1108 1438 nonnullis
1130 1363 1238 1440 libris
1253 1390 1361 1440 mser.
1380 1365 1594 1475 reperiatur.
1632 1363 1721 1440 Utut
1737 1380 1802 1460 est
1827 1363 1886 1438 vel
1901 1361 2032 1463 lippus

313 1489 445 1586 videat,
472 1488 618 1590 ὑψηλόν
643 1517 720 1565 non
746 1516 826 1568 esse
853 1492 975 1593 magis
996 1520 1110 1592 quam
1137 1493 1292 1594 ὑψηλοῖο
1317 1495 1523 1572 ferendum.
1562 1497 1639 1569 Aut
1664 1493 1790 1570 omnia
1815 1521 1875 1570 me
1892 1491 2032 1568 fallunt

313 1637 376 1696 ant
393 1622 571 1722 scriptum
591 1638 683 1697 erat:
711 1617 945 1716 ὖφελκτόν.
989 1621 1073 1714 Qua
1091 1627 1302 1726 conjectura
1318 1626 1482 1702 admissa
1498 1623 1632 1698 Pollux
1651 1624 1765 1702 dicet:
1793 1622 2031 1724 „eocyolema

312 1768 365 1829 est
380 1754 419 1828 in
437 1755 549 1855 lignis
561 1770 746 1855 protracta
763 1756 821 1830 vel
836 1756 1067 1856 propulsam)
1083 1756 1216 1855 basis“,
1229 1758 1334 1860 ligna
1347 1756 1558 1856 intelligens
1569 1754 1775 1853 trabeseas,
1788 1783 1881 1856 quae
1893 1753 2029 1829 trahae

310 1901 397 1960 sunt
410 1911 478 1986 pro
494 1886 595 1964 rotis.
621 1888 750 1985 Itaque
764 1885 907 1962 Polluci
925 1887 1211 1988 haudquaquam
1230 1888 1319 1964 vitio
1336 1888 1427 1964 verti
1442 1900 1569 1988 potest,
1586 1885 1687 1984 quod
1699 1885 1865 1961 omiserit
1877 1885 2026 1985 signifi·

312 2043 406 2113 care,
433 2017 646 2092 machinam
671 2014 854 2092 mobilem.
875 2015 990 2092 fuisse
1015 2032 1051 2092 et
1076 2045 1150 2116 quo
1175 2017 1343 2094 eamodo
1362 2032 1462 2092 mota
1480 2031 1594 2113 esset3
1614 2013 1654 2089 in
1669 2043 1742 2115 quo
1757 2042 1847 2090 sane
1860 2042 2028 2090 summo-

311 2175 400 2248 pere
420 2164 516 2223 esset
541 2147 815 2224 offendendum.
868 2147 974 2239 Quae
999 2147 1203 2224 tradiderat
1228 2148 1275 2224 de
1301 2148 1360 2223 his
1388 2147 1508 2242 rebus,
1536 2175 1579 2220 eo
1607 2161 1750 2222 tantum
1777 2146 1952 2221 differunt
1976 2144 2027 2219 ab

310 2279 377 2375 iis,
417 2305 509 2377 quae
545 2280 717 2380 leguntur
754 2279 854 2380 apud
889 2281 1051 2379 reliquos·
1086 2293 1196 2356 testes
1226 2323 1277 2336 -
1311 2278 1395 2354 dico
1422 2277 1659 2353 scholiastam
1685 2277 1735 2352 ad
1760 2275 2028 2376 Aristophanis

311 2409 574 2486 Acharnenses
591 2408 616 2483 l.
628 2435 670 2506 c,
699 2411 803 2510 cujus
824 2411 938 2486 verba
951 2409 1076 2512 paullo
1096 2435 1207 2510 supra
1221 2437 1257 2510 p.
1279 2414 1325 2484 17
1343 2409 1588 2485 exscribenda
1605 2409 1824 2506 curavimus,
1840 2408 1956 2482 schol.
1977 2408 2028 2484 ad

312 2534 490 2616 Clement
517 2539 717 2614 Alexandr.
740 2539 932 2641 Protrept,
960 2543 1064 2642 cujus
1092 2541 1202 2618 modo
1227 2542 1453 2619 mentionem
1479 2541 1685 2642 injecimus,
1712 2539 1776 2641 qui
1801 2541 1825 2614 l.
1850 2567 1881 2616 c.
1907 2569 1944 2642 p.
1975 2543 2026 2615 97

312 2701 388 2773 seq.
405 2672 498 2748 haec
514 2672 664 2773 protulit
678 2671 793 2748 verba
809 2700 885 2748 non
913 2675 1094 2749 exstantia
1119 2675 1219 2778 apud
1245 2675 1454 2750 Pollucem:
1481 2672 1695 2768 ἐγκύκλημα
1721 2673 1875 2747 ἐκάλουν
1898 2671 2029 2755 σκεῦός

311 2837 343 2880 τι
378 2804 577 2902 ὑπότροχον
606 2804 707 2884 ἐκτός
747 2803 896 2905 (immet
942 2807 1054 2907 ἐντὸς)
1098 2813 1156 2901 τῆς
1177 2813 1325 2903 σκηνῆς,
1361 2799 1403 2880 οὗ
1437 2818 1682 2905 στροφομένου
1717 2805 1833 2897 &doxae
1867 2803 1909 2878 τά
1951 2805 2027 2878 ἔσω

310 2945 382 3020 τοῖς
405 2938 474 3023 ἔξω
501 2935 642 3034 φανερά
671 2937 859 3030 γίνεσθαι,
886 2949 922 3012 et
946 2936 1181 3012 Eustathium
1207 2937 1257 3012 ad
1283 2937 1437 3013 Homer.
1461 2938 1504 3013 Il.
1531 2965 1566 3039 p.
1596 2942 1681 3034 979,
1711 2915 1757 3013 15
1784 2935 1946 3036 seqq.¹9)
1977 2981 2027 2992 -

445 3109 492 3114 ..ψ
509 3110 515 3113 .
547 3109 587 3116 -a
603 3107 755 3114 --a---noq

312 3154 382 3220 tat
406 3162 454 3220 τοῦ
476 3159 565 3238 ἔργου
586 3165 640 3220 eet.
695 3160 738 3220 At
767 3162 874 3234 verba,
908 3181 983 3238 quae
1012 3161 1042 3219 in
1071 3162 1155 3220 libris
1175 3180 1262 3220 macr.
1284 3160 1490 3232 inveniuntur,
1519 3159 1656 3220 idoneum
1679 3180 1796 3221 sensum
1818 3159 1961 3237 praebent
1983 3158 2031 3218 ita

312 3279 444 3353 acceptu:
481 3277 622 3348 „verbum
656 3277 722 3350 (dna
745 3277 911 3349 Zeitwort),
933 3296 990 3353 quo
1013 3277 1090 3336 actio
1113 3276 1311 3354 significatur,
1342 3278 1661 3338 νοοο1ω·ἐκκυκλεῖν.“
1701 3277 1859 3349 Similiter,
1893 3283 1928 3337 ut
1949 3297 2030 3336 nunc

311 3394 408 3470 ipsum
437 3393 535 3465 video,
569 3395 603 3453 Ο.
628 3393 785 3451 Muellerus
815 3393 921 3469 Script.
951 3393 1021 3451 min.
1043 3392 1109 3451 Vol.
1133 3393 1157 3464 l,
1181 3413 1210 3468 p.
1234 3395 1307 3465 526,
1330 3395 1398 3453 adn.
1421 3396 1450 3454 3.
1478 3423 1511 3436 -
1538 3394 1630 3453 Porro
1652 3395 1687 3455 G.
1710 3393 1898 3453 Hermannus
1920 3393 2029 3469 Opusc.

312 3512 364 3584 Vl,
388 3531 416 3585 p.
442 3511 503 3568 166
527 3507 710 3567 scribendum
732 3526 795 3567 esse
817 3507 946 3566 censuit:
980 3500 1026 3586 ἐφ’
1048 3499 1085 3564 οὗ
1109 3503 1140 3565 δέ
1163 3501 1310 3583 εἰσάγεται
1340 3499 1374 3565 ui
1404 3501 1586 3583 ἰκκιὶκλημο,
1618 3499 1885 3585 εἱσκοκλήθρα
1913 3501 2027 3584 ὀνομά-

312 3627 409 3702 ζεται,
442 3643 496 3702 pro
523 3624 629 3700 quibus
659 3625 758 3683 verbis
786 3625 858 3683 haee
890 3623 990 3702 posuit
1022 3623 1198 3682 Fritzsohius
1230 3627 1385 3685 comment.
1414 3623 1450 3682 de
1480 3622 1593 3698 Eccycl.
1622 3645 1651 3700 p.
1674 3627 1703 3696 5,
1735 3625 1819 3684 adn:
1854 3619 1901 3703 ἐφ’
1924 3617 1959 3684 οὗ
1991 3621 2028 3684 δέ

311 3743 460 3818 εἰσάγεται
483 3734 514 3798 τὸ
538 3731 786 3818 εἰσκόκλημο,
810 3733 1045 3820 ἕγκοκλήθρα
1069 3733 1258 3816 ὀνομάζεται,
1281 3743 1384 3800 neuter
1406 3739 1554 3798 offendens
1566 3739 1596 3797 in
1610 3740 1699 3799 verbo
1714 3740 1836 3801 novitio.
1867 3739 1909 3798 At
1920 3739 2027 3801 Pollux

312 3859 366 3918 hoo
387 3858 540 3917 voluerat:
563 3875 631 3928 „ex
653 3875 695 3914 eo
717 3875 796 3930 voro,
820 3858 918 3932 quod
939 3859 1019 3916 retro
1041 3861 1176 3916 movetur
1197 3857 1228 3914 in
1250 3856 1393 3916 interiora
1408 3855 1652 3931 locaeaoyclema,
1666 3855 2028 3932 eiscyclemaappcllatur.

313 3975 395 4046 Quod
418 3973 506 4032 schol.
530 3973 568 4031 ad
590 3973 680 4032 Olem.
694 3973 741 4032 Al.
758 3974 777 4032 l.
789 3993 813 4032 c.
826 3975 966 4050 praebet:
980 3963 1034 4052 ὑφ’
1053 3961 1100 4043 οὗ,
1114 3974 1168 4034 aut
1179 3971 1316 4030 similiter
1331 3975 1377 4031 est
1387 3971 1591 4048 explicandum
1607 3973 1660 4030 aut
1675 3973 1850 4030 mutandum
1867 3972 1897 4030 in
1914 3967 1969 4054 ἐφ’
1979 3967 2028 4034 οὗ.

401 4089 453 4160 18)
476 4087 623 4164 Hesych.:
647 4079 809 4166 ὖφίλκειαι·
833 4090 1033 4166 προτρέπεται.

402 4205 454 4274 19)
477 4204 565 4280 Apud
579 4204 769 4264 Eustathimn
790 4204 862 4263 haec
883 4205 995 4281 scripta
1017 4205 1224 4265 inveniuntur:
1253 4237 1287 4247 -
1311 4202 1342 4263 za
1367 4195 1545 4280 ἰγκιὶκλημο,
1568 4194 1586 4259 ὃ
1608 4203 1659 4259 καὶ
1680 4193 1883 4278 ἒγκοκλοθρον
1905 4197 2027 4273 λίγειαι,

313 4319 474 4398 μηχάνημα
499 4312 533 4390 ἣν
556 4310 735 4396 ὑπότροχον,
767 4310 820 4396 ὑφ’
843 4311 878 4376 οὗ
901 4312 1048 4380 ἐδείκνυτο
1070 4315 1107 4380 τὰ
1129 4317 1160 4380 ἔν
1182 4321 1213 4399 τῇ
1238 4319 1323 4398 σκευῇ
1347 4314 1364 4394 'l
1386 4321 1485 4397 σκηνῇ.
1531 4320 1685 4380 Postrema
1707 4319 1799 4379 verba
1820 4335 1926 4394 parum
1948 4322 2026 4376 recte

313 4439 445 4494 tractata
475 4435 545 4491 sunt
574 4454 593 4492 a
616 4433 777 4493 Fritzachio
808 4436 875 4494 adn.
905 4437 942 4495 ud
965 4437 1137 4512 Thesmoph.
1159 4457 1188 4512 p.
1214 4438 1253 4494 95
1277 4438 1308 4492 ut
1330 4455 1349 4493 a
1370 4435 1404 4494 G.
1427 4435 1596 4494 Hermanno
1618 4435 1649 4494 in
1672 4435 1772 4495 Jahnii
1794 4433 1903 4493 Annal.
1925 4432 2026 4510 philol.

313 4573 340 4612 a.
364 4548 630 4620 Mucuuxuvnl,
654 4569 681 4624 p.
695 4551 723 4620 5,
747 4569 925 4626 quamquam
948 4553 1030 4611 illum
1054 4571 1111 4611 nou
1135 4552 1221 4629 fugit,
1245 4555 1414 4625 corruptam
1437 4569 1498 4608 esse
1520 4550 1697 4626 scripturam
1720 4550 1817 4628 σκευῇ,
1840 4548 2026 4624 quodetiam

314 4668 347 4727 0.
372 4665 528 4724 Muellerus
551 4665 570 4723 l.
594 4685 617 4723 e.
640 4683 668 4740 p.
692 4667 764 4736 528,
789 4666 856 4724 adn
882 4668 909 4738 2,
934 4671 1011 4727 torte
1034 4668 1180 4728 variasse
1204 4665 1297 4725 simile
1320 4664 1401 4723 dicit.
1457 4664 1626 4742 Significavi
1654 4666 1717 4740 jam
1744 4663 1775 4722 in
1805 4663 1962 4739 scriptione
1990 4663 2026 4721 de

313 4783 429 4842 theatro
454 4800 496 4858 gr.
520 4783 588 4851 vat„
613 4777 698 4859 σκευῇ
721 4785 892 4857 corruptum
915 4780 1008 4842 videri
1039 4804 1072 4843 ox
1098 4787 1216 4860 σκέπῃ.
1264 4781 1385 4840 Locutio
1408 4773 1440 4839 nl
1466 4774 1496 4839 ἒν
1518 4780 1553 4858 τῇ
1577 4778 1818 4858 oxfrrpqnidsibi
1831 4779 1911 4848 velit,
1935 4779 2026 4854 expli·
