4568 5702
1140 367 1189 445 17

306 615 385 663 esse
412 615 482 688 ope
508 586 773 686 eccyclematis,
795 586 896 685 quod
922 603 1232 660 commemoratur
1257 611 1348 660 sane
1373 613 1425 661 vs.
1445 587 1546 661 409?
1582 585 1737 660 Minime
1755 611 1852 660 vcro.
1888 585 2014 660 Flocci

305 745 381 792 non
407 729 492 792 sunt
512 713 701 809 facienda,
740 742 835 814 quae
866 715 965 790 hanc
990 715 1030 788 in
1057 743 1136 792 rem
1162 715 1363 816 disputavit
1388 717 1418 788 F
1421 715 1617 812 ritaschina
1644 714 1770 790 adnot.
1797 713 1845 788 ad
1872 715 2012 789 Aristo·

305 847 439 950 phanis
463 845 796 944 Thesmophoriaz.
822 875 876 922 vs.
904 851 997 944 265,
1034 876 1070 949 p.
1099 852 1146 922 94
1174 875 1248 946 sq„
1283 847 1323 920 id
1350 846 1451 945 quod
1478 862 1656 942 tacerem,
1692 845 1764 920 nisi
1791 845 1964 941 viderem,
1991 873 2014 919 a

306 979 384 1054 viro
411 978 521 1052 docto
545 975 602 1050 rel
623 976 764 1050 monito
786 976 1073 1076 haudquaquam
1095 1003 1245 1077 prorsus
1268 976 1412 1076 abjecta
1433 1003 1514 1051 esse
1538 977 1578 1050 iu
1605 990 1801 1050 comment.
1825 976 1871 1052 de
1895 975 2012 1075 Eccy-

306 1109 467 1202 clamate,
495 1133 588 1206 quae
614 1105 816 1205 praemissa
843 1121 897 1182 est
923 1106 1037 1181 indici
1064 1108 1145 1183 loct.
1171 1107 1211 1182 in
1237 1105 1354 1182 Acad.
1384 1105 1644 1182 Rostochiensi
1676 1119 1840 1182 semestr.
1867 1106 2013 1182 hibern.

305 1233 979 1313 MDCCCXLVl-MDCCOXLVH
1006 1237 1281 1331 habendarum,
1317 1263 1352 1336 p.
1384 1241 1415 1332 7,
1443 1236 1530 1310 adn.
1555 1233 1586 1308 *.
1639 1237 1682 1310 In
1709 1236 2014 1314 Acharnenaibus

305 1369 427 1444 nullus
460 1393 548 1441 usus
579 1367 648 1442 fuit
680 1369 936 1468 eccyclematia
971 1369 1074 1463 talis,
1120 1369 1228 1470 quale
1263 1365 1440 1444 describit
1472 1366 1689 1442 scholiastes
1712 1366 1805 1440 haec
1830 1366 2014 1443 adnotans

305 1499 354 1574 ad
380 1497 533 1574 verbum
560 1499 800 1593 ἐκκυκλήθητι
827 1473 879 1572 νὀ.
898 1500 973 1574 407
993 1499 1171 1599 positum:
1195 1511 1345 1572 τουτέστι
1364 1496 1606 1596 συοτρύφηθι.
1624 1493 1836 1592 ἕκκύκλημα
1851 1498 1889 1571 δὲ
1906 1503 2012 1593 λέγε-

305 1657 362 1704 ται
386 1637 587 1725 μηχάνημα
612 1633 761 1717 ξύλινονΙ
780 1636 928 1724 τροχοὺς
950 1629 1050 1720 ἔχον,
1078 1625 1169 1724 ὅπερ
1195 1634 1523 1726 ποριστρυφὸμενον
1548 1621 1591 1700 τύ
1624 1627 1796 1700 ύόκούντα
1831 1627 1932 1702 ἔνδον
1963 1625 2014 1711 ὡς

306 1763 343 1836 ἐν
369 1762 465 1860 οἰκίᾳ
490 1763 775 1856 διαπράττεσθαι
802 1767 863 1831 καὶ
888 1765 959 1841 τοῖςΙ
984 1761 1054 1845 ἔξω
1079 1760 1254 1845 ἐδείκνυε,
1281 1766 1378 1855 λέγω
1406 1759 1450 1854 dri
1477 1763 1549 1839 τοῖς
1573 1761 1739 1848 θεαταῖς,
1764 1771 1877 1857 atque
1902 1759 2014 1836 etiarn

306 1891 539 1992 nuperrimos
564 1891 712 1965 fabulae
739 1887 870 1984 editor,
896 1889 952 1963 rei
972 1890 1163 1965 scaenicae
1189 1891 1424 1989 caeteroquin
1449 1890 1537 1963 satis
1564 1889 1712 1991 peritus,
1740 1890 1909 1991 agnoscit
1930 1903 2015 1990 post

307 2023 352 2098 Ο.
374 2023 591 2098 Muellerum
622 2021 770 2124 (Script.
797 2019 888 2094 min.
918 2018 998 2093 Vol.
1025 2019 1053 2116 Ι,
1081 2049 1117 2121 p.
1140 2021 1229 2117 537)
1255 2019 1432 2118 aliosque,
1458 2047 1572 2120 quum
1599 2021 1647 2096 ad
1673 2049 1725 2096 vs.
1744 2022 1820 2096 470
1847 2021 2013 2095 adnotat:

305 2153 572 2254 „eccyclenrate
609 2171 706 2228 retro
740 2165 855 2226 tracto
893 2174 1023 2226 scenae
1058 2151 1180 2251 paries
1221 2151 1435 2228 clauditur“.
1505 2155 1667 2250 Credas,
1708 2169 1855 2254 poetam
1893 2151 2014 2254 ipsum

307 2286 394 2360 satis
422 2285 580 2382 cavisse,
619 2311 666 2360 ne
691 2301 767 2359 tam
792 2309 986 2384 perperam
1013 2283 1253 2382 judicaretur,
1297 2311 1411 2384 qumn
1438 2285 1655 2386 Euripidem
1687 2313 1793 2361 servo
1822 2285 1909 2361 lecit
1944 2286 2014 2360 inr-

305 2431 514 2515 perantem:
549 2423 645 2492 κλυῑτ
676 2420 791 2510 πηκτὰ
817 2417 1004 2506 θαυμάτων.
1058 2412 1205 2488 Scilicet
1226 2412 1320 2488 illud
1345 2415 1621 2510 ἐκκυκλεῑσθαι,
1648 2415 1749 2515 quod
1774 2441 1829 2490 vs.
1856 2419 1930 2492 409
1957 2418 2014 2489 in-

306 2545 469 2644 dicatur,
508 2563 546 2624 ut
579 2551 701 2645 fieret,
741 2546 836 2621 nihil
868 2545 970 2622 aliud
1004 2572 1115 2644 quam
1139 2545 1254 2640 l'ores,
1291 2571 1385 2645 quae
1409 2562 1514 2622 erant
1539 2545 1578 2619 in
1606 2545 1826 2642 coenaculo,
1866 2560 2014 2648 apertae

307 2694 402 2753 sunt.
477 2677 671 2774 Similiter,
710 2679 784 2752 nisi
821 2677 922 2776 qnod
958 2676 1080 2777 agitur
1116 2675 1163 2750 de
1208 2675 1319 2773 janua
1354 2677 1394 2750 in
1433 2675 1564 2750 intima
1609 2675 1740 2772 domo,
1781 2677 2012 2752 statuendum

306 2827 362 2888 est
387 2811 535 2887 deloco
562 2811 745 2904 Nubium‚
770 2811 834 2910 qui
859 2825 914 2885 est
940 2837 992 2883 vs.
1022 2809 1104 2902 184,
1131 2807 1196 2881 ubi
1221 2823 1329 2907 poeta
1354 2807 1433 2906 ipse
1458 2804 1708 2907 Strepsiadem
1733 2808 2014 2908 compellantem

306 2941 393 3017 fecit
413 2967 528 3014 unum
554 2967 598 3016 ex
625 2939 815 3041 discipulis
837 2939 999 3014 Socratis
1026 2939 1085 3014 his
1111 2939 1253 3014 verbis:
1289 2937 1410 3034 ἄνοιγε
1437 2942 1499 3033 τὴν
1522 2941 1656 3036 θύραν,
1684 2937 1900 3016 scholiastes
1926 2967 2013 3017 vero

307 3071 548 3170 encyclemati
570 3071 691 3146 locum
717 3070 832 3147 fuisse
860 3070 972 3144 sumit
996 3070 1088 3145 haec
1113 3070 1296 3144 adnotans
1314 3069 1362 3144 ad
1384 3097 1436 3144 vs.
1458 3073 1553 3144 185:
1579 3067 1650 3167 ὁρᾷ
1668 3071 1705 3142 δὲ
1723 3068 1774 3152 ὥς
1793 3075 2015 3165 φιλοσόφους

306 3207 506 3296 κομῶντας,
524 3215 738 3298 οτραρέντο,Ι
757 3208 818 3276 τοῦ
836 3204 1113 3298 ἐγκυκλύματος,
1141 3204 1273 3278 utalia
1291 3217 1433 3279 taceant
1453 3230 1531 3277 non
1550 3203 1674 3278 minus
1692 3204 1765 3278 huc
1782 3203 2013 3305 pertinentia.

420 3329 584 3407 Omnino
612 3333 818 3432 eccyclerna
845 3333 886 3407 in
923 3332 1112 3433 superiore
1145 3333 1422 3434 contignatione
1456 3333 1598 3406 nullum
1629 3361 1793 3435 unquam
1820 3335 1906 3432 fuit,
1945 3360 2015 3410 nec

307 3490 394 3538 vero
428 3461 546 3561 potuit
579 3488 669 3536 esse.
731 3463 774 3536 ln
813 3489 976 3538 errorem
1011 3462 1173 3563 abripuit
1207 3463 1377 3540 homines
1411 3464 1645 3539 doctissimos
1679 3492 1783 3541 secus
1818 3479 2014 3542 statuentes

306 3592 489 3694 imprimis
515 3591 617 3666 locus
641 3592 825 3682 Pollucis,
861 3593 925 3692 qui
951 3608 1006 3668 est
1025 3594 1088 3686 Ν,
1121 3596 1203 3687 128,
1229 3619 1458 3693 quamquam,
1497 3594 1529 3668 si
1563 3595 1729 3668 animum
1755 3595 1872 3696 probe
1898 3610 2014 3672 atten-

308 3722 448 3798 dissent
479 3722 527 3796 ad
560 3736 747 3823 postrema
784 3722 863 3822 ejus
894 3725 1026 3818 verba,
1073 3726 1129 3799 vel
1167 3751 1211 3800 ex
1242 3726 1301 3800 his
1330 3728 1503 3828 colligere
1545 3741 1732 3828 poterant,
1774 3728 1815 3801 in
1858 3727 2014 3829 singulis

308 3855 462 3932 aedibus
496 3857 645 3957 singula
677 3872 819 3931 tantum
855 3857 968 3934 fuisse
995 3857 1238 3974 cccyclemata
1265 3860 1421 3960 singulis
1447 3861 1569 3960 januis
1597 3860 1635 3932 in
1662 3861 1792 3933 infima
1817 3859 1929 3934 domo
1957 3885 2014 3934 re-

309 3986 539 4089 spondentia.
599 3987 844 4088 Reperiuntur
868 4001 990 4063 autem
1016 3989 1080 4063 illo
1105 3991 1188 4065 loco
1215 3993 1307 4065 haec
1333 3990 1446 4065 verba
1471 3991 1610 4092 posita:
1648 3997 1687 4062 τὸ
1713 3997 1780 4082 μὲν
1805 3987 2015 4085 ἐκκύκλημα

310 4123 365 4194 ἐπὶ
389 4125 509 4208 ξύλων
534 4118 676 4215 ὑψηλόν
700 4118 863 4214 βάθρον,
887 4113 918 4218 qi
945 4121 1116 4194 ἐπίκειται
1141 4121 1287 4220 θρόνος·
1311 4125 1466 4196 δείκνυσι
1493 4123 1530 4194 δὲ
1556 4123 1599 4194 τοὶ
1627 4119 1695 4194 ὑπὸ
1723 4121 1856 4216 σκηνήν
1879 4121 1917 4193 ἐν
1938 4130 2014 4204 ταῖς

310 4257 439 4334 οἰκίαις
461 4245 649 4347 ἀπόρρητα
676 4255 898 4348 πραχθέντα.
925 4259 987 4324 καὶ
1014 4253 1054 4328 w*
1080 4255 1180 4351 ῥῆμα
1205 4260 1267 4327 τοῦ
1293 4255 1400 4352 ἔργου
1428 4259 1590 4327 καλεῖται
1612 4255 1805 4327 ἐκκυκλεῖν.
1834 4254 1889 4346 ἐφ’
1911 4251 1954 4327 ού
1978 4258 2014 4328 di

310 4386 489 4477 εἰσάγεται
512 4387 550 4452 τύ
581 4381 801 4475 ἐκκύκλημα,
829 4383 1053 4478 εἰσκύκλημα
1079 4383 1303 4476 ὀνομάζεται.
1330 4395 1391 4459 καὶ
1414 4393 1485 4480 χρή
1513 4389 1612 4457 τούτο
1635 4386 1801 4458 νοεῖσθαι
1819 4387 1909 4458 καθ’
1928 4386 2014 4458 ἑκά-

309 4539 391 4608 οτιγν
418 4509 558 4605 θύραν,
596 4513 704 4585 οἱονεὶ
730 4518 818 4586 καθ’
847 4515 996 4610 ἕκαστον
1023 4517 1151 4590 οἰκίαν.
1205 4517 1372 4608 Quorum
1407 4514 1603 4590 verborum
1637 4541 1750 4613 quum
1784 4514 1890 4614 plura
1925 4515 2015 4589 citra

307 4641 560 4719 necessitatem
587 4653 723 4716 tentata
750 4644 823 4720 sint
838 4647 898 4744 ¹7),
928 4647 1197 4749 propemodum
1210 4646 1387 4721 intactum
1407 4647 1573 4722 relictum
1589 4659 1643 4721 est
1654 4670 1769 4718 unum
1786 4643 1887 4739 illud,
1915 4642 2015 4741 quod

312 4773 658 4868 ''Ttffntischlus
669 4779 797 4860 adn-ad
819 4802 992 4877 Thesmoph.
1018 4821 1058 4860 vs.
1084 4804 1156 4872 265,
1181 4821 1209 4876 p.
1233 4803 1284 4872 63,
1307 4803 1511 4878 corrigendum
1533 4820 1595 4860 esse
1618 4799 1783 4858 existimat:
1807 4799 1859 4855 aul
1880 4789 1909 4854 τὸ
1934 4793 2013 4876 ῥῆμα

1785 4917 1802 4975 3
