4568 5702
1127 410 1177 490 13

297 631 514 732 plerumque
540 630 751 725 censebant,
779 629 990 705 ascendisse
1016 657 1080 706 eos
1106 659 1172 732 per
1194 629 1421 705 orchestram
1448 629 1488 703 in
1512 656 1703 728 scaenam3
1741 654 1840 703 nunc
1865 629 2017 730 plurimi

298 761 340 834 in
366 786 410 835 ea
440 775 527 834 sunt
556 759 756 854 sententia,
791 777 831 832 ut
866 786 929 834 eos
956 787 1000 836 ex
1029 760 1192 838 aditibus
1226 759 1320 855 illis,
1360 759 1423 858 qui
1467 761 1616 836 fuerunt
1653 761 1692 834 in
1727 775 1881 858 utroque
1915 759 2015 861 logei

297 892 429 986 latere,
454 889 677 991 processisse
700 890 919 964 existiment
974 889 1129 990 Utrique
1151 907 1359 993 provocent
1384 889 1433 964 ed
1459 893 1573 966 finem
1598 892 1673 966 loci
1694 891 1875 987 Pollucis,
1904 919 2014 992 quem

300 1047 409 1120 supra
437 1049 472 1122 p.
501 1022 523 1092 9
548 1019 832 1096 exscribendum
858 1020 1084 1117 curavimus,
1119 1037 1154 1096 et
1181 1023 1230 1098 ad
1253 1049 1298 1098 ea
1323 1022 1457 1118 verba,
1496 1049 1591 1120 quae
1617 1023 1786 1122 proxime
1813 1037 2015 1122 sequuntur

299 1155 334 1248 ἓ.
364 1155 453 1226 127:
492 1150 720 1234 εἰσελθόντες
747 1155 784 1224 δὲ
805 1158 897 1224 κατὰ
924 1159 986 1245 τὴν
1013 1149 1215 1251 ὀρχήστραν
1238 1155 1296 1227 ἐπὶ
1319 1159 1381 1248 τὴν
1408 1161 1540 1246 σκηνὴν
1572 1149 1807 1246 ἀναβαίνουσι
1844 1156 1906 1228 διὰ
1932 1161 2010 1228 κλι-

298 1289 440 1373 μάκων·
472 1289 531 1377 τῆς
565 1285 602 1355 δὲ
634 1289 815 1372 κλίμακος
841 1283 876 1356 οἱ
900 1287 1051 1377 βαθμοὶ
1077 1289 1319 1381 κλιμακτῆρις
1346 1290 1540 1358 καλοῦνται
1556 1277 1642 1382 Π).Ι
1670 1283 1793 1357 Priori
1819 1284 2015 1361 hominum

299 1411 491 1486 doctorum
514 1414 610 1513 parti
635 1413 771 1486 locutio
801 1415 840 1485 cl
865 1410 1024 1513 πάροδοι
1049 1414 1099 1488 ad
1124 1415 1245 1489 aditus
1272 1416 1483 1490 orchestrae
1508 1412 1704 1488 referenda
1730 1439 1810 1489 esse
1828 1430 1864 1489 et
1883 1415 2017 1492 Pollux

298 1542 344 1618 de
371 1544 461 1619 solis
482 1543 729 1620 histrionibus
755 1545 858 1644 loqui
879 1544 1044 1642 videtur;
1070 1544 1176 1620 alteri
1203 1545 1307 1620 illam
1332 1546 1557 1620 locutionem
1584 1543 1631 1618 de
1657 1543 1821 1620 aditibus
1846 1546 1887 1620 in
1914 1572 2014 1623 scae-

298 1701 386 1748 nam
413 1674 617 1750 ferentibus
644 1675 925 1777 intelligendam
952 1701 1031 1750 esse
1057 1675 1285 1773 existimant,
1314 1703 1375 1772 ea,
1414 1703 1509 1775 quae
1536 1676 1583 1750 de
1606 1674 1771 1749 aditibus
1794 1675 1893 1750 dicta
1920 1693 2015 1776 sunt

299 1805 346 1878 ad
369 1805 569 1880 histriones
596 1823 761 1906 spectare
787 1821 988 1901 censentes,
1017 1806 1083 1882 sed
1101 1819 1288 1906 postrema
1308 1806 1422 1881 verba
1446 1806 1536 1882 inde
1548 1806 1595 1880 ab
1613 1804 1841 1890 εἰσελθόντες
1852 1806 2016 1882 Pollucis

300 1963 424 2013 errore
450 1963 496 2010 ex
521 1940 558 2030 ἓ.
586 1941 669 2032 109,
695 1938 761 2012 ubi
786 1938 834 2012 de
857 1937 1042 2012 choreutis
1069 1962 1190 2012 sermo
1214 1951 1279 2030 est,
1305 1935 1345 2008 in
1369 1934 1470 2010 hunc
1495 1936 1619 2044 locum
1643 1937 1741 2010 male
1767 1937 1910 2011 intrusa
1936 1963 2016 2014 esse

301 2069 515 2170 opinantes,
556 2067 649 2142 duce
681 2066 727 2142 G.
762 2067 991 2142 Hermanno.
1053 2066 1148 2141 Sunt
1179 2068 1309 2163 etiam,
1344 2067 1407 2166 qui
1449 2067 1673 2142 locutionem
1703 2069 1742 2140 at
1777 2065 1935 2167 πάροδοι
1967 2069 2016 2142 ad

300 2201 420 2274 aditus
447 2199 657 2274 orchestrae
682 2200 844 2274 reserant
869 2213 978 2297 atque
1011 2199 1184 2272 universo
1226 2200 1307 2274 loco
1322 2253 1335 2295 ,-
1379 2202 1483 2300 cujus
1524 2199 1570 2274 de
1605 2199 1761 2274 sanitate
1795 2225 1872 2272 non
1908 2198 2015 2272 dubi-

300 2343 396 2427 tant,
434 2335 480 2404 de
515 2329 604 2404 solis
639 2328 825 2403 choreutis
860 2355 1069 2403 sermonem
1099 2354 1178 2404 esse
1211 2329 1454 2426 arbitrantur,
1491 2345 1679 2431 postrema
1705 2329 1867 2404 Pollucis
1900 2328 2016 2404 verba

301 2459 354 2533 sic
375 2459 572 2559 capientes,
599 2473 640 2533 ut
665 2485 749 2533 eum
767 2460 861 2533 nihil
879 2459 980 2532 aliud
992 2459 1153 2534 voluisse
1167 2477 1341 2536 censeant
1358 2488 1468 2560 quam
1480 2460 1571 2534 hoc:
1600 2461 1755 2535 chorum
1770 2487 1815 2534 ex
1829 2460 2018 2536 orchestra

299 2591 338 2664 in
351 2591 501 2693 logenm
514 2591 724 2687 ascendere,
739 2591 977 2690 siquidem
997 2617 1112 2692 opus
1131 2591 1260 2692 sitm).
1287 2592 1340 2666 Hi
1352 2593 1475 2694 igitur,
1491 2617 1717 2691 quamquam
1730 2591 1777 2666 de
1791 2592 1862 2688 via,
1876 2618 1950 2690 qua
1960 2593 2018 2666 hi-

301 2723 457 2798 striones
471 2723 510 2796 in
525 2724 673 2823 logenm
687 2722 849 2818 veniant,
876 2721 976 2796 idem
995 2735 1158 2796 statuunt
1175 2723 1276 2822 quod
1289 2723 1405 2797 altera
1421 2722 1486 2796 illa
1501 2721 1697 2797 hominum
1716 2722 1909 2797 doctorum
1920 2749 2018 2824 pars,

299 2869 423 2927 tamen
458 2867 613 2953 negant,
647 2853 770 2927 locum
795 2851 977 2947 Pollucis,
1022 2879 1094 2951 quo
1123 2852 1169 2928 de
1207 2882 1328 2929 sermo
1357 2869 1429 2951 est,
1463 2855 1553 2928 huic
1579 2855 1781 2930 sententiae
1806 2854 2017 2929 testimonio
2052 2922 2055 2932 .

301 2983 423 3060 afferri
441 3011 558 3084 posse.
593 2985 643 3057 At
659 2981 1035 3082 interpretationibus,
1064 3009 1157 3081 quas
1184 2983 1308 3084 primo
1335 2998 1372 3060 et
1394 2985 1502 3060 tertio
1530 2987 1612 3060 loco
1632 2984 2017 3079 commemoravimus,

301 3129 340 3187 ut
365 3115 439 3188 alia
464 3127 668 3209 taceamus,
692 3113 813 3187 obstat
837 3113 895 3187 vel
919 3112 969 3207 id,
992 3113 1093 3212 quod
1116 3116 1191 3214 jam
1218 3116 1372 3189 omnino
1398 3115 1560 3190 dubitari
1584 3143 1661 3190 non
1688 3130 1816 3216 potest,
1845 3115 1935 3213 quin
1961 3115 2017 3188 lo-

303 3246 399 3320 cutio
426 3249 464 3320 ci
492 3246 647 3344 πάροδοι
679 3244 725 3320 de
758 3243 919 3318 aditibus
946 3244 994 3318 ad
1022 3259 1216 3343 utrumque
1242 3247 1339 3320 latus
1366 3246 1465 3347 logei
1496 3247 1575 3321 sitis
1601 3245 1818 3348 accipienda
1839 3247 1904 3342 sit,
1951 3245 2017 3318 cfr.

304 3403 398 3476 quae
425 3376 695 3477 disputavimus
723 3374 768 3449 de
793 3373 937 3448 theatro
972 3401 1029 3476 gr.
1057 3391 1125 3450 vet.
1154 3391 1308 3477 agentes
1334 3377 1359 3452 l.
1386 3401 1437 3475 c.,
1473 3377 1657 3478 imprimis
1682 3407 1718 3478 p.
1746 3379 1821 3452 225
1849 3402 1951 3475 seqq.
1982 3390 2018 3450 et

302 3535 337 3608 p.
364 3509 450 3582 231.
505 3505 615 3596 Quod
641 3532 729 3579 vero
757 3533 838 3580 eam
867 3505 1086 3580 sententiam
1121 3506 1269 3603 attinet,
1307 3533 1353 3581 ex
1385 3534 1459 3606 qua
1492 3521 1679 3608 postrema
1706 3509 1869 3584 Pollucis
1902 3507 2017 3582 verba

390 3793 443 3866 11)
466 3793 501 3853 G.
524 3759 719 3850 Hermannus
736 3791 771 3848 de
793 3785 932 3862 Aeschyli
953 3804 985 3843 re
1007 3803 1083 3844 scen.
1106 3805 1135 3860 p.
1161 3787 1177 3844 7
1201 3787 1358 3864 legendum
1386 3804 1449 3844 esse
1480 3791 1590 3845 censet:
1628 3779 1809 3855 εἰσελθόντες
1831 3779 1865 3843 δὲ
1888 3785 1947 3857 εἰς
1969 3786 2017 3863 τὴν

302 3903 479 3988 ὀρχήστραν,
516 3923 679 3984 provocans
707 3905 746 3964 ad
767 3903 935 3962 Kuehnium
965 3903 995 3958 et
1016 3899 1287 3976 Jungarmamnm,
1320 3901 1431 3960 codices
1461 3902 1551 3961 verba
1572 3902 1614 3960 sic
1635 3901 1747 3977 scripta
1769 3903 1839 3961 dare
1860 3905 2016 3966 testantes.

302 4027 445 4085 Attamen
464 4023 488 4082 1.
511 4022 663 4082 Bekkerus
685 4039 745 4079 non
766 4020 868 4078 solnm.
883 4018 1029 4076 intectum
1050 4015 1171 4090 reliquit
1193 4016 1316 4075 verbum
1337 4009 1428 4085 κατά,
1459 4036 1562 4076 verum
1589 4016 1680 4075 etiam
1702 4017 1784 4074 siluit
1806 4017 1923 4077 omnino
1946 4019 2017 4078 scri-

302 4136 484 4217 pturamslc,
504 4137 644 4198 undehoc
666 4140 744 4194 certe
765 4134 959 4211 colligendum
982 4131 1109 4201 videtur,
1131 4131 1294 4206 repperisse
1316 4149 1383 4190 eum
1405 4130 1437 4189 in
1457 4132 1557 4220 libris„
1574 4132 1680 4208 quibus
1703 4133 1851 4203 utebatur,
1875 4135 2017 4210 scriptum

301 4248 386 4315 κατά.
437 4253 595 4328 conjicias,
622 4253 780 4323 utramque
809 4245 1058 4322 praepositionem
1090 4243 1220 4319 positam
1251 4244 1341 4303 trisse
1372 4264 1391 4304 a
1425 4247 1542 4306 Polluce
1572 4247 1614 4305 sic
1641 4245 1803 4305 scribente:
1836 4243 2017 4322 εἰσελθόντες

303 4362 700 4441 asseveraverant
724 4356 919 4438 τήνεδςιὴν
943 4354 1115 4437 ὀρχήστραν.
1160 4358 1224 4429 Qua
1252 4361 1421 4436 conjecture
1449 4362 1576 4436 probata
1604 4361 1772 4422 servabitur
1794 4362 1885 4422 etiam
1907 4381 2017 4440 aequa-

301 4487 402 4546 bilitas
424 4485 582 4556 orationis;
604 4483 737 4561 proxime
759 4481 837 4542 enim
860 4478 1105 4556 antegredinntur
1127 4478 1233 4538 verbu:
1256 4471 1329 4536 xuni
1357 4478 1403 4551 τὴν
1425 4475 1524 4556 ἑτέρον
1547 4473 1716 4556 (πάροδον)
1740 4477 1875 4538 statera.

390 4602 443 4674 12)
466 4601 584 4662 Oblitus
612 4603 658 4658 est
680 4596 930 4666 Schosnbornius,
964 4593 1013 4669 qui
1042 4593 1117 4651 hanc
1145 4593 1418 4669 interpretationem
1447 4593 1602 4670 proposuit
1632 4593 1651 4652 l.
1674 4611 1698 4651 c.
1721 4613 1749 4669 p.
1776 4595 1824 4666 75,
1855 4595 2018 4668 ostendere,

303 4737 360 4794 quo
379 4720 446 4795 jure
468 4718 528 4777 tale
551 4717 635 4793 quid,
664 4715 750 4792 quale
772 4715 833 4784 est,
862 4711 940 4786 quod
960 4710 1118 4784 postremis
1141 4711 1237 4768 verbis
1260 4711 1452 4788 significavit,
1484 4711 1586 4787 quaeri
1607 4713 1708 4785 posset
1728 4710 1759 4767 in
1781 4709 1905 4785 simplici
1927 4710 2017 4770 verbo

305 4830 510 4910 διαβαίνουσι.
