4568 5702
1155 415 1181 496 5

422 633 506 710 Scio
541 633 731 734 equidem,
767 632 870 707 illam
907 631 954 707 de
987 633 1059 708 veli
1096 660 1165 710 usu
1193 632 1409 732 sententiam
1438 633 1649 708 etiamnunc
1676 659 1756 711 esse
1781 635 2026 735 plurimorum

306 766 469 842 virorum
497 765 689 840 doctorum
705 763 755 863 ⁵),
783 761 1027 840 nihilominus
1052 781 1176 842 tamen
1204 778 1343 838 certum
1370 777 1443 862 est,
1470 763 1502 838 si
1529 762 1618 862 quid
1644 745 1756 860 aliud,
1784 766 1859 864 jam
1887 781 2027 840 veteres

308 895 472 972 Graecos
505 896 587 970 velo
623 919 710 967 usos
744 917 824 968 esse
851 893 995 992 quoties
1022 919 1156 970 scaena
1182 911 1259 971 tota
1284 894 1463 969 mutanda
1488 907 1594 968 esset
1647 892 1745 969 Sane
1773 895 1923 992 quidem
1951 893 2025 970 Ge-

306 1028 459 1102 nellium
489 1073 536 1084 -
564 1025 628 1126 qui
655 1024 712 1098 vir
738 1021 1034 1120 elegantissimus
1059 1024 1100 1098 in
1124 1025 1231 1126 libro,
1259 1053 1369 1127 quem
1397 1025 1444 1100 dc
1469 1024 1612 1099 theatro
1631 1023 1852 1101 Atheniensi
1869 1025 2026 1126 scripsit,

307 1185 344 1257 p.
381 1161 448 1254 54,
488 1157 631 1258 primus
669 1155 872 1231 rectissime
906 1153 1144 1254 significavit,
1182 1183 1248 1233 cur
1282 1157 1345 1232 hic
1379 1156 1453 1231 veli
1484 1182 1573 1232 usus
1604 1156 1713 1231 statui
1750 1153 1900 1230 deberet
1912 1159 1940 1256 4)
1980 1201 2024 1215 -

308 1287 486 1364 erravisse
512 1285 552 1361 in
579 1286 637 1382 iis,
665 1311 759 1384 quae
783 1285 829 1360 de
856 1310 1009 1361 scaenae
1036 1286 1229 1364 facicildae
1253 1288 1396 1362 ratione
1422 1287 1628 1388 generatim
1653 1303 1762 1386 atque
1788 1285 2028 1361 universatim

309 1417 501 1511 disseruit,
535 1418 611 1518 jam
644 1415 788 1516 pridem
815 1417 860 1489 A.
890 1415 935 1490 G.
965 1416 1192 1515 Schlegelius
1227 1419 1268 1492 in
1301 1415 1506 1519 appendice
1539 1417 1592 1492 ad·
1612 1417 1789 1522 lectiones
1817 1416 1863 1491 de
1889 1429 1966 1491 arte
1993 1431 2029 1491 et

307 1547 496 1623 literatura
532 1547 687 1621 dramat.
722 1546 886 1642 habitas,
925 1573 1020 1646 quae
1054 1549 1236 1652 reperitur
1271 1547 1319 1623 ad
1357 1548 1495 1623 calcem
1530 1547 1664 1624 volum.
1700 1549 1835 1650 prioris
1868 1547 1909 1620 in
1946 1559 2026 1622 tert.

310 1678 396 1754 edit.
420 1679 468 1754 ab
492 1677 562 1752 Ed.
584 1678 815 1779 Boeclringio
843 1701 918 1753 cur.
945 1709 982 1782 p.
1009 1683 1085 1755 291
1110 1708 1233 1781 seqq.‚
1261 1697 1296 1757 et
1322 1707 1440 1783 nuper
1465 1682 1511 1754 A.
1539 1677 1843 1754 Schoenbornius
1868 1679 1908 1751 in
1929 1677 2028 1752 libro

310 1809 357 1884 de
391 1835 524 1884 scaena
552 1808 636 1904 Gn,
665 1838 702 1910 p.
737 1813 786 1884 34
823 1837 945 1909 seqq.‚
983 1811 1188 1886 rectissime
1218 1811 1498 1914 judicaverunt,
1538 1825 1575 1885 at
1605 1809 1745 1907 nullus,
1781 1810 1845 1909 qui
1877 1807 2040 1910 quidem.

311 1955 444 2015 attente
483 1940 678 2042 perlegerit
709 1940 856 2015 fabulas
893 1967 1044 2038 graecas
1079 1970 1174 2043 quae
1201 1961 1415 2045 supersunt,
1454 1942 1591 2018 infitias
1617 1939 1706 2036 ibit,
1743 1939 1868 2040 plures
1903 1964 1948 2014 ex
1982 1940 2029 2016 iis

312 2081 482 2146 scaenam
519 2071 695 2147 habuisse
730 2073 862 2169 talem,
912 2076 1016 2174 cujus
1052 2075 1206 2150 mutatio
1239 2073 1328 2150 solis
1369 2073 1544 2150 tabulatis
1576 2073 1702 2149 tractis
1737 2073 1898 2147 versisve
1932 2071 2030 2176 facta

312 2228 392 2277 esse
427 2229 505 2277 non
528 2203 655 2302 possit.
709 2201 881 2300 Accedit,
919 2203 1020 2302 quod
1046 2205 1252 2281 cavendum
1280 2221 1377 2300 erat,
1404 2229 1453 2277 ne
1479 2231 1613 2281 scaena
1635 2205 1739 2305 prius
1757 2203 2031 2303 conspiceretur

312 2359 423 2432 quam
457 2347 584 2434 aptum
620 2349 725 2409 esset.
785 2335 864 2409 Nec
897 2337 1062 2437 profecto
1098 2337 1139 2411 in
1165 2335 1323 2432 fabulis,
1364 2361 1459 2434 quae
1493 2349 1649 2410 aetatem
1680 2334 1858 2429 tulerunt,
1899 2325 2032 2408 desunt

312 2465 481 2565 exempla
516 2465 605 2540 satis
637 2463 775 2540 idonea
806 2465 854 2538 ad
885 2466 1139 2566 probandum,
1180 2465 1280 2566 quod
1306 2467 1497 2561 volumus,
1532 2464 1680 2563 logeum
1706 2464 1753 2539 ab
1780 2463 1887 2539 initio
1915 2464 2030 2539 oculis

312 2619 439 2668 eorum
475 2597 540 2694 qni
575 2595 792 2696 spectabant
815 2596 1051 2671 ‘subtractum
1080 2596 1206 2673 firisse.
1260 2598 1454 2675 Proferam
1483 2621 1550 2698 per
1582 2595 1681 2670 hanc
1717 2595 1950 2669 occasionem
1987 2623 2032 2670 ea

312 2738 464 2821 tantum,
493 2751 586 2824 quae
604 2741 782 2826 tanquam
800 2725 1023 2828 gravissima
1046 2725 1110 2800 diu
1133 2741 1251 2804 estex
1277 2754 1351 2826 quo
1378 2728 1419 2802 15
1445 2727 1582 2803 scholis
1607 2726 1701 2802 meis
1726 2725 1799 2801 hac
1823 2723 1865 2799 in
1883 2726 2030 2804 univer-

313 2854 418 2929 sitate
450 2855 545 2930 liter.
577 2857 716 2932 habitis
752 2858 791 2932 in
826 2885 977 2934 censum
1013 2881 1144 2933 vocare
1181 2859 1270 2934 satis
1301 2858 1401 2934 duxi.
1460 2859 1505 2934 In
1529 2856 1742 2934 Promethei
1777 2857 1891 2933 vincti
1920 2858 2026 2932 initio

313 2985 537 3086 conspicitur
564 2987 675 3061 Titan
690 2987 780 3088 ipse
808 3003 909 3062 stans
934 2989 974 3062 in
1000 3015 1102 3090 rupe,
1136 2989 1184 3064 ad
1211 3017 1323 3088 quam
1348 3017 1435 3064 mox
1459 2991 1632 3088 affigetur
1654 3016 1676 3063 a
1701 2988 1870 3066 Vulcano
1907 2988 2031 3064 statim

312 3115 359 3190 ab
377 3115 484 3190 initio
503 3135 712 3218 praesente;
736 3119 784 3194 ad
800 3120 914 3194 latera
938 3120 1038 3194 illius
1065 3135 1161 3194 stant
1183 3120 1312 3195 Robur
1337 3135 1373 3195 et
1394 3121 1469 3196 Vis.
1521 3120 1734 3196 Promethei
1762 3145 1905 3222 corpus,
1933 3120 2033 3218 quod

311 3247 531 3344 affigeretur,
552 3276 693 3324 merum
721 3251 959 3324 simulacrum
985 3248 1074 3345 fnit,
1103 3251 1171 3325 sub
1199 3252 1300 3351 quod
1321 3252 1422 3327 idem
1445 3252 1595 3349 histrio,
1624 3251 1688 3349 qui
1715 3253 1835 3354 primo
1875 3249 2030 3325 Vulcani

312 3395 434 3479 partes
476 3378 567 3475 egit,
612 3394 741 3480 postea
776 3379 925 3455 demum
965 3381 1149 3483 subrepsit
1183 3384 1333 3484 ejusque
1365 3410 1411 3458 ex
1443 3411 1506 3460 ore
1542 3384 1733 3483 sequentia
1767 3380 2026 3484 pronunciavit

313 3621 342 3677 p.
365 3604 426 3664 303
451 3621 521 3678 seq,
544 3602 601 3660 nisi
622 3601 701 3675 quod
722 3602 821 3676 paullo
845 3599 961 3660 centias
983 3600 1122 3676 loquutus
1145 3604 1191 3660 est
1211 3602 1243 3660 in
1265 3604 1342 3662 hunc
1362 3605 1498 3664 modum:
1529 3603 1631 3676 „Quod
1654 3605 1679 3662 si
1702 3603 1829 3679 quaeris,
1853 3622 1891 3662 au
1909 3601 2027 3662 Graecis

312 3717 343 3775 in
373 3717 498 3776 theatris
525 3717 599 3776 talia
621 3734 723 3775 scenae
746 3715 929 3793 operimenta
951 3717 1063 3776 usitata
1083 3716 1209 3788 fuerint,
1238 3737 1301 3776 rem
1323 3719 1448 3794 amplius
1471 3719 1714 3798 cognoscendam,
1745 3725 1823 3778 certe
1846 3739 1880 3778 ex
1903 3718 2030 3791 Polluce,

314 3833 365 3909 qui
386 3833 587 3892 Romanorum
614 3849 725 3889 morem
748 3831 891 3906 respicere
913 3831 1027 3906 potuit,
1057 3832 1158 3890 confici
1180 3832 1259 3893 haud
1280 3852 1381 3908 posse,
1412 3836 1621 3910 respondebat
1665 3835 1835 3896 Hermanno
1856 3834 1941 3895 brevi
1962 3839 2030 3911 post

312 3948 398 4024 plane
420 3946 619 4022 adstipulatus
641 3949 686 4002 est
709 3943 739 4004 (l.
762 3943 799 4003 A.
822 3944 1026 4024 Boettigerus,
1049 3947 1108 4006 vid.
1131 3948 1193 4024 ejus
1216 3948 1322 4025 Script.
1345 3950 1415 4008 min.
1438 3949 1517 4009 arch.
1539 3953 1570 4008 et
1591 3950 1701 4027 antiq,
1725 3971 1743 4011 a
1764 3951 1793 4010 J.
1816 3951 1930 4028 Silligio
1952 3950 2033 4024 edit,

313 4063 378 4123 Vol.
400 4061 433 4135 I,
455 4083 484 4139 p.
509 4061 570 4121 402
594 4077 654 4134 seq.

421 4177 453 4250 3)
477 4175 558 4236 Satis
587 4173 681 4232 habco
709 4172 906 4232 nominavisse
934 4194 1001 4246 eos,
1032 4177 1082 4252 qui
1111 4178 1313 4237 recentissima
1340 4178 1482 4238 memoria
1513 4180 1587 4238 bene
1619 4183 1743 4257 egerunt
1773 4183 1808 4240 de
1829 4201 1862 4240 re
1885 4182 2033 4242 scaenica:

314 4295 508 4356 Schoenbom.
540 4292 575 4349 de
603 4305 708 4346 scaeua
730 4286 780 4346 Gr.
803 4305 831 4362 p.
856 4290 914 4360 35,
948 4291 1178 4351 Scmmsrbrodt.
1209 4292 1241 4350 in
1262 4293 1439 4352 Fleckeisen.
1462 4293 1569 4353 Annal.
1593 4295 1692 4369 philol.
1715 4313 1749 4353 ex
1772 4316 1798 4355 a.
1822 4296 2030 4372 Mocccnrn,

312 4429 341 4485 p.
366 4411 438 4478 565,
461 4405 528 4464 Alb.
551 4401 684 4461 Mueller.
701 4402 737 4460 in
759 4401 903 4480 Philolog.
926 4404 991 4464 Vol.
1015 4407 1116 4466 XXIII
1138 4428 1165 4484 p.
1189 4409 1262 4467 327.
1308 4409 1393 4468 Solus
1415 4390 1509 4486 nuper
1530 4428 1612 4469 secus
1635 4411 1743 4469 statuit
1764 4410 1910 4484 Lohdius,
1935 4412 2030 4471 archi-

312 4527 408 4582 tectus
422 4521 598 4598 intelligens,
622 4520 657 4577 de
680 4536 773 4576 scaen.
796 4527 856 4578 vet.
879 4538 907 4593 p.
926 4521 964 4577 12
982 4538 1053 4597 seq,
1075 4522 1180 4581 iisdem
1201 4523 1270 4596 fere,
1293 4527 1329 4584 ut
1348 4525 1474 4598 videtur,
1497 4527 1661 4586 rationibus
1683 4525 1896 4588 universalibus
1919 4527 2033 4602 ductus,

315 4638 420 4714 quibus
444 4635 591 4696 Genellius
614 4635 703 4709 atque
725 4652 788 4710 ego.

421 4751 454 4824 4)
477 4750 545 4809 Non
575 4749 765 4808 memineram
794 4767 848 4826 ego
871 4747 1012 4824 Genellii,
1043 4772 1134 4829 quum
1164 4754 1327 4814 scribebam
1357 4776 1430 4832 quae
1460 4755 1541 4832 typis
1570 4757 1718 4831 exscripta
1746 4761 1865 4816 exstant
1886 4757 1917 4815 in
1939 4756 2033 4817 Nunt.

313 4867 423 4928 literar.
447 4866 632 4943 Gottingens.
655 4883 682 4923 a.
705 4863 921 4938 MDOOOLIV,
944 4885 973 4942 p.
1000 4867 1070 4925 154.
