4568 5702
1107 391 1158 472 16

262 608 399 684 fabulis
425 611 582 712 agendis
608 609 786 684 adhibitis
815 637 935 700 sermo
963 612 1084 686 fuerit.
1145 609 1310 686 Omnino
1333 609 1373 684 iu
1400 625 1573 711 promptu
1602 627 1667 710 est,
1694 614 1823 710 scalas,
1852 611 1987 712 quibus

262 741 332 814 soli
350 740 548 816 histriones
574 741 632 815 usi
659 743 742 838 sint,
770 744 890 817 nullas
913 742 1005 816 alias
1031 743 1189 844 cogitari
1215 767 1335 842 posse,
1364 769 1475 840 quam
1501 744 1604 840 tales,
1633 772 1728 844 quae
1754 745 1803 819 ad
1830 767 1986 820 scaenae

259 876 438 976 parietem
465 887 747 973 apponerentur.
801 873 911 948 Hanc
934 887 1055 990 autern
1083 872 1303 948 sententiam
1329 885 1369 944 ut
1395 874 1657 950 nanciscamur
1692 876 1796 950 nulla
1831 872 1985 948 omnino

262 1003 462 1100 verborum
489 1003 672 1080 Athenaei
698 1005 901 1079 mutatione
928 1030 1021 1103 opus
1045 1018 1109 1078 est.
1173 1001 1294 1093 Quam
1320 1001 1420 1075 enim
1447 1004 1572 1078 000100
1598 1006 1736 1081 fuerint
1760 1004 1865 1082 verbi
1892 1031 1985 1097 προ-

264 1139 408 1228 σκήνιον
442 1132 750 1233 significationes,
782 1161 902 1234 nuper
932 1135 1223 1210 demonstratum
1258 1146 1314 1208 est
1346 1160 1370 1208 a
1405 1135 1517 1209 nobis
1551 1137 1591 1210 in
1620 1137 1743 1238 script.
1770 1135 1816 1210 de
1840 1136 1984 1210 theatro

261 1292 318 1366 gr.
343 1278 486 1358 vetere,
511 1264 535 1337 l.
563 1288 605 1358 c.,
634 1293 669 1364 p.
698 1267 773 1338 214
801 1291 903 1363 seqq.
957 1265 1014 1340 Ex
1042 1265 1388 1366 significationibus,
1417 1266 1552 1365 quibus
1578 1267 1618 1341 id
1643 1266 1850 1368 praeditum
1870 1265 1986 1340 fuisse

264 1395 502 1492 ostendimus,
528 1395 621 1470 adeo
648 1396 772 1496 plures
791 1410 886 1491 sunt,
916 1422 1010 1495 0000
1032 1395 1081 1468 001
1106 1394 1207 1468 hunc
1232 1394 1354 1468 locum
1377 1395 1577 1495 quadrent:
1611 1398 1733 1498 primo
1760 1422 1815 1493 00,
1843 1423 1888 1474 ex
1912 1422 1984 1494 qna

264 1527 483 1626 προσκήνιον
509 1525 764 1627 appellabatur
790 1526 998 1600 aedificium
1020 1525 1124 1621 illud,
1150 1525 1250 1624 quod
1277 1526 1544 1627 spectatoribus
1565 1529 1606 1601 in
1632 1553 1745 1602 cavea
1772 1526 1983 1602 sedentibus

261 1683 359 1758 pone
389 1683 562 1732 scaenam
592 1657 668 1732 0100
699 1656 849 1762 logeum
884 1668 962 1730 erat
996 1655 1154 1754 ideoque
1186 1655 1303 1728 latino
1336 1657 1518 1732 vocabulo
1557 1657 1737 1759 appellari
1765 1657 1858 1732 solet
1880 1671 1980 1757 post·

192 1809 193 1829 ¹
263 1791 470 1887 scaenium,
503 1789 550 1864 iis
581 1817 690 1885 vero,
723 1789 787 1886 qui
823 1802 926 1864 extra
951 1803 1186 1864 versarentur
1210 1804 1296 1864 ante
1321 1787 1480 1864 frontem
1509 1789 1664 1884 theatri,
1698 1803 1783 1864 ante
1810 1811 1983 1861 scaenam

264 1920 341 1996 sive
366 1921 516 2020 logeum
544 1934 622 1994 erat
647 1934 756 2018 atque
783 1919 855 1994 hac
880 1919 1024 1996 ratione
1043 1918 1228 1994 contrario
1247 1919 1311 1992 illo
1330 1918 1444 1992 modo
1463 1918 1667 2020 significari
1682 1931 1843 2018 poterat;
1870 1942 1983 2016 porro

260 2079 315 2145 00,
338 2078 384 2127 ex
410 2079 484 2150 000
505 2052 715 2152 proscaenii
742 2050 964 2153 significatio
991 2051 1168 2124 translata
1193 2048 1313 2124 videri
1338 2061 1458 2148 potest
1474 2048 1522 2122 ad
1540 2048 1719 2150 parietem
1737 2061 1983 2149 spectatorum

261 2183 440 2260 sedilibus
467 2183 681 2280 obversum,
708 2182 748 2255 in
777 2209 849 2280 quo
877 2181 1038 2257 scaenici
1065 2193 1216 2254 ornatus
1243 2179 1583 2280 conspiciebantur,
1606 2179 1744 2278 pariter
1770 2191 1880 2277 atque
1906 2176 1980 2270 illa,

260 2341 306 2389 ex
333 2341 406 2413 000
433 2321 632 2410 0000000000
651 2313 771 2387 dictae
792 2327 877 2386 sunt
899 2312 1046 2386 tabulae
1072 2311 1203 2410 pictae,
1230 2338 1250 2384 e
1277 2308 1412 2408 quibus
1440 2334 1574 2384 scaena
1601 2308 1748 2384 ductilis
1777 2306 1980 2384 constabat

375 2444 475 2534 Quid
523 2446 621 2543 quod
668 2471 769 2519 nunc
815 2470 961 2543 quoque
1009 2454 1153 2515 exstant
1203 2439 1386 2514 scalarum
1426 2439 1507 2512 usui
1547 2439 1772 2513 histrionum
1818 2437 1981 2514 servien-

261 2576 354 2650 tium
380 2576 550 2675 exempla
572 2552 710 2649 tamin
738 2575 890 2675 picturis
917 2599 1089 2647 vasorum
1115 2570 1164 2644 ad
1190 2597 1269 2645 rem
1297 2569 1503 2644 scaenicum
1524 2569 1785 2669 spectantibus,
1811 2595 1923 2666 quam
1941 2567 1980 2639 in

260 2707 353 2806 ipsis
379 2705 526 2800 fabulis,
555 2732 649 2804 qnae
676 2707 895 2806 supersunt?
935 2705 979 2780 In
1004 2705 1148 2805 pictura
1171 2704 1281 2798 vasis,
1310 2728 1421 2801 quam
1448 2728 1517 2776 nos
1540 2699 1589 2775 ad
1615 2716 1841 2802 postremum
1869 2699 1981 2774 eden-

265 2839 352 2914 dam
379 2837 589 2912 curavimus
615 2837 654 2912 in
682 2837 778 2910 libro
804 2837 850 2911 de
875 2836 1029 2911 theatris
1056 2853 1092 2910 et
1119 2835 1368 2910 monumentis
1397 2833 1593 2927 scaenicis,
1633 2831 1709 2905 tab.
1737 2831 1793 2906 IX
1825 2832 1890 2932 fig.
1920 2835 1978 2918 13,

253 2995 339 3082 ,non
371 2967 433 3067 agi
456 2967 502 3041 de
530 2967 648 3062 scalis,
676 2993 743 3067 per
770 2993 862 3066 quas
886 2994 930 3042 ex
954 2968 1143 3042 orchestra
1166 2967 1206 3039 in
1232 2967 1382 3066 logeum
1404 2963 1674 3059 ascenderetur,
1702 2967 1777 3065 jam
1804 2961 1979 3037 01100001-

261 3101 470 3174 notavimus
504 3098 685 3197 picturam
717 3098 940 3197 explicantes
967 3127 1002 3200 p.
1032 3103 1091 3172 61.
1145 3099 1188 3172 ln
1215 3097 1343 3173 eadem
1370 3095 1514 3181 tabula,
1548 3097 1612 3195 fig.
1644 3099 1688 3168 13
1718 3086 1846 3188 0112,
1887 3094 1981 3166 duae

262 3245 461 3305 cernuntur
487 3230 671 3330 imagines
697 3229 793 3304 inter
819 3255 857 3303 se
884 3229 1024 3305 similes
1052 3257 1095 3304 ex
1119 3230 1217 3304 vasis
1244 3229 1351 3330 pictis
1379 3229 1524 3328 petitae,
1550 3253 1706 3326 quarum
1725 3226 1764 3299 in
1792 3252 1866 3299 nna
1892 3251 1979 3298 con-

262 3359 438 3460 spicimus
466 3359 653 3434 Bacchum
680 3384 746 3459 per
769 3359 886 3433 scalas
913 3360 962 3433 ad
988 3361 1216 3459 superiorem
1244 3360 1559 3460 contignationem
1588 3357 1752 3452 aedium,
1777 3358 1817 3429 in
1845 3355 1980 3455 quibus

260 3491 363 3592 degit
389 3490 557 3586 Althaea,
588 3489 862 3585 ascendentem,
890 3490 929 3563 in
957 3491 1071 3565 altera
1096 3518 1183 3564 vero
1202 3489 1333 3565 lovem
1354 3491 1476 3591 ipsum
1495 3499 1704 3589 portantem
1723 3488 1841 3561 scalas
1862 3486 1977 3560 simil-

259 3621 387 3718 limas,
416 3647 507 3718 quas
535 3618 689 3693 aedibus
718 3619 915 3695 Alcmenes
942 3609 1191 3719 applicaturus
1219 3635 1283 3694 est.
1338 3621 1448 3712 Quod
1474 3647 1561 3696 vero
1590 3619 1719 3694 attinet
1750 3617 1799 3692 ad
1821 3617 1978 3708 fabulaS,

260 3777 355 3850 quae
395 3765 551 3825 aetatem
587 3751 766 3842 tulerunt,
806 3750 846 3823 in
872 3750 1090 3826 Phoenissis
1129 3768 1438 3828 commemoratur
1476 3754 1659 3854 expressis
1692 3751 1816 3826 verbis
1849 3751 1978 3844 xs‘rlpor

259 3884 402 3956 παλαιά
429 3885 565 3970 alicu}
609 3882 673 3977 (vs.
705 3879 803 3980 100),
836 3881 960 3956 ferens
987 3884 1198 3982 μελάθρων
1225 3884 1260 3965 ἐς
1294 3885 1413 3980 deppae
1444 3887 1593 3979 ἔσχατον
1628 3887 1696 3986 (00.
1723 3883 1807 3981 90),
1844 3879 1977 3980 quihus

262 4010 371 4084 scalis
407 4015 497 4108 quin
526 4009 775 4111 Paedagogus
807 4025 843 4085 et
868 4013 1060 4114 Antigona
1086 4027 1170 4088 ante
1207 4013 1335 4088 oculos
1372 4028 1618 4115 spectatorum
1657 4030 1792 4089 tectum
1831 4009 1978 4084 aedium

263 4145 450 4245 regiarum
478 4145 699 4240 scanderint,
727 4144 880 4219 dubium
909 4173 988 4221 esse
1015 4173 1091 4219 non
1117 4160 1246 4247 potest.
1300 4145 1418 4220 Porro
1454 4147 1563 4220 etiam
1597 4147 1636 4218 in
1668 4143 1815 4245 agenda
1839 4141 1977 4230 fabula,

263 4278 322 4351 cui
357 4275 404 4349 ab
433 4274 738 4350 Acharnensibus
775 4302 911 4350 nomen
944 4277 1103 4352 inditum
1137 4293 1208 4375 est,
1244 4279 1463 4379 conspicuas
1490 4277 1603 4353 fuisse
1631 4278 1768 4370 scalae,
1795 4291 1929 4370 ‘easque
1959 4298 1979 4346 e

263 4409 463 4486 coenaculo
491 4407 622 4484 domus
649 4409 866 4512 Euripidiae
888 4411 927 4485 10
952 4411 1140 4512 publicum
1168 4412 1338 4504 ferentes,
1363 4422 1461 4484 certo
1490 4409 1662 4485 concludi
1683 4420 1803 4509 potest
1821 4432 1865 4480 ex
1882 4404 1976 4494 loco,

264 4541 328 4640 qui
349 4554 403 4614 est
429 4567 481 4614 00.
512 4543 695 4639 394000.
749 4541 927 4618 Versatur
953 4543 1151 4645 Euripides
1175 4545 1215 4618 in
1243 4545 1433 4643 superiore
1457 4558 1560 4643 parte
1594 4540 1761 4634 aedium,
1796 4551 1836 4610 ut
1866 4535 1981 4632 liquet

263 4702 308 4751 ex
335 4702 387 4749 vs.
417 4677 501 4767 399,
528 4676 613 4766 409,
637 4681 723 4748 411.
776 4674 869 4749 10010
896 4676 1154 4775 Dicaeopolidi
1179 4677 1218 4750 in
1245 4703 1378 4750 manus
1406 4675 1470 4748 dat
1495 4675 1618 4774 plures
1645 4698 1715 4744 res.
1782 4662 1978 4757 Quomodo

263 4804 336 4880 hoe
361 4805 441 4880 fieri
468 4803 595 4904 potuit,
625 4805 655 4878 si
681 4805 743 4879 hic
770 4806 892 4880 stabat
915 4805 952 4878 in
979 4807 1101 4906 platea
1127 4821 1211 4881 ante
1238 4805 1374 4881 aedes?
1417 4808 1478 4878 An
1506 4802 1683 4878 credibile
1710 4814 1783 4896 est,
1811 4797 1978 4874 effectum
