4568 5702
1135 363 1161 442 6

280 578 335 678 (ut
366 603 449 650 mea
474 575 610 650 faciam
638 603 802 676 eaquae
831 576 1035 653 secundum
1063 579 1298 658 Welckerum
1326 581 1372 658 de
1390 581 1526 657 Aesch.
1546 579 1716 656 ternione
1730 579 1951 656 Prometheo
1971 607 2007 680 p.

280 709 330 783 30
349 706 449 782 diota
463 721 548 782 sunt
562 733 586 782 a
607 706 651 783 O.
668 707 731 782 Fr.
750 707 969 784 Hermanno
987 709 1028 784 in
1046 709 1294 811 disputatione
1311 711 1358 787 de
1376 710 1636 786 distributione
1654 736 1899 811 personarum
1915 708 2011 796 inter

279 837 479 913 histriones
492 837 532 910 in
546 836 715 938 tragoed.
732 862 787 939 gr.
805 865 840 938 p.
855 842 915 936 23,
935 841 1070 939 quibus
1085 843 1161 944 jam
1182 841 1323 942 pridem
1339 841 1552 942 adstipulati
1568 867 1695 916 sumus
1710 867 1780 942 ego
1799 839 1839 912 in
1854 839 2008 916 Advers.

279 969 319 1044 in
338 969 472 1045 Aesch.
491 967 616 1044 Prom.
646 968 757 1042 vinct.
783 997 820 1069 p.
850 976 875 1046 4
902 983 937 1044 et
956 971 1003 1046 G.
1022 970 1260 1048 Hermannus
1287 971 1413 1046 adnot
1431 973 1480 1050 ad
1498 972 1672 1072 Aeschyl.
1691 999 1726 1072 p.
1747 971 1823 1070 55).
1875 971 2009 1048 Perso-

278 1125 350 1176 nae
377 1099 463 1177 illae
489 1126 573 1176 cum
594 1097 668 1174 hoo
694 1099 890 1181 simulacro
915 1129 1006 1177 num
1034 1116 1118 1178 ante
1146 1103 1273 1180 oculos
1300 1117 1546 1204 spectatorum
1584 1103 1624 1178 in
1665 1127 1836 1178 scaenam
1862 1104 2008 1180 venisse

278 1230 465 1333 putandae
511 1230 625 1305 sunt?
696 1229 739 1304 Id
787 1232 819 1306 si
867 1233 1021 1307 omnino
1069 1248 1165 1312 esset
1210 1233 1405 1330 credibile,
1456 1232 1616 1308 maxime
1661 1233 1856 1338 probabile
1903 1251 2007 1338 esset,

279 1385 390 1434 curru
424 1359 595 1434 advectas
632 1387 722 1437 esse.
784 1364 835 1436 At
870 1361 980 1462 hujus
1014 1387 1063 1436 ne
1096 1364 1210 1441 verbo
1245 1363 1396 1464 quidem
1439 1363 1577 1440 mentio
1612 1363 1748 1466 injecta
1788 1379 1862 1460 est,
1908 1366 2008 1464 quod

277 1491 409 1593 procul
456 1464 570 1566 dubio
616 1493 755 1568 factum
799 1507 911 1588 esset,
959 1490 992 1566 si
1025 1519 1143 1592 aeque
1182 1509 1292 1594 atque
1323 1519 1451 1570 currus
1486 1493 1748 1570 Oceanitidem
1785 1511 1822 1571 et
1857 1497 2006 1593 animal,

279 1647 353 1722 qno
372 1622 518 1696 vehitur
533 1619 716 1718 Oceanus,
744 1622 784 1696 in
812 1649 946 1698 scaena
971 1623 1101 1700 fuisset
1125 1625 1358 1723 conspicuus.
1410 1623 1523 1699 Haud
1550 1639 1604 1700 est
1630 1623 1888 1726 dubitandum,
1916 1631 2005 1728 quin

278 1777 390 1851 rupes
424 1750 473 1826 ad
504 1749 672 1828 dextram
705 1778 856 1854 specum
884 1753 1058 1831 habuerit
1086 1783 1109 1830 a
1127 1768 1229 1856 parte
1256 1779 1389 1828 caveae
1422 1753 1579 1830 adversa
1616 1754 1664 1828 ad
1699 1782 1867 1833 aversam
1894 1762 2005 1862 perti-

275 1895 437 1958 nentem.
499 1881 572 1957 Per
610 1882 710 1961 hunc
745 1909 895 1982 specum
931 1911 1060 1960 omnes
1097 1910 1279 1986 personae
1315 1884 1363 1960 ab
1399 1911 1529 1960 aversa
1562 1885 1664 1987 rupis
1700 1905 1804 1990 parte
1834 1891 1874 1964 in
1921 1919 2004 1968 eum

275 2013 419 2109 locum,
464 2013 505 2086 in
547 2038 620 2111 quo
659 2015 823 2112 stabant,
872 2017 1018 2092 venisse
1061 2017 1305 2113 videbantur,
1351 2031 1480 2115 atque,
1522 2016 1710 2092 vinciendi
1748 2023 1896 2118 negotio
1938 2023 2003 2098 ab·

276 2145 406 2240 soluto,
435 2144 626 2220 Vulcanus
652 2161 688 2220 et
712 2146 841 2223 Robur
866 2161 977 2246 atque
1005 2146 1072 2222 Vis
1099 2148 1282 2243 abierunt,
1310 2162 1349 2220 ut
1375 2145 1504 2222 eadem
1533 2146 1594 2220 via
1621 2147 1824 2249 eademque
1849 2153 2003 2249 ratione,

274 2301 349 2374 qua
380 2275 575 2350 advenisse
610 2277 849 2375 putabantur,
886 2278 1039 2352 domum
1076 2279 1199 2355 redire
1237 2277 1460 2354 viderentur.
1488 2321 1538 2333 —
1600 2279 1717 2354 Porro
1744 2280 1876 2376 verba,
1909 2307 2004 2380 quae

273 2405 513 2506 proferuntur
545 2405 592 2478 ab
628 2433 692 2503 eo,
727 2409 791 2508 qui
816 2409 856 2482 in
881 2408 988 2484 initio
1015 2409 1311 2512 Agamemnonis
1339 2409 1514 2483 excubias
1540 2409 1633 2506 agit,
1668 2410 1700 2484 si
1725 2411 1809 2509 quis
1834 2435 2003 2488 accurate

274 2535 530 2638 perpenderit,
568 2562 658 2610 num
685 2563 708 2610 a
742 2563 781 2612 se
813 2538 1066 2638 impretrabit,
1101 2554 1142 2615 ut
1176 2540 1321 2633 credat,
1356 2540 1548 2616 hominem
1586 2543 1639 2616 sic
1672 2543 1884 2641 loquentem
1917 2560 2002 2620 ante

273 2667 375 2767 ipsos
412 2679 656 2767 spectatorum
690 2668 816 2742 oculos
851 2681 988 2744 tectum
1019 2668 1151 2745 domus
1172 2672 1494 2772 Agamemnoniae
1530 2670 1759 2769 ascendisse,
1791 2691 1831 2750 ut
1857 2676 2001 2773 vigilias

273 2809 475 2872 nocturnas
502 2810 640 2897 ageret,
672 2796 806 2895 quibus
837 2825 921 2874 eum
944 2802 1025 2901 jam
1059 2822 1256 2901 antequam
1294 2802 1417 2878 dicere
1443 2803 1623 2904 inciperet
1645 2819 1863 2906 occupatum
1888 2808 2000 2884 fuisse

272 2928 386 3003 verba
395 2927 478 3028 ipsa
491 2929 697 3004 testantur?
713 2973 758 2984 -
786 2928 958 3029 Denique
972 2931 1012 3004 in
1029 2931 1133 3006 initio
1145 2931 1352 3033 Vesparum
1365 2934 1686 3033 conspiciebantur
1697 2933 1921 3020 dormientes
1931 2941 1998 3014 sub

273 3057 359 3132 divo
379 3058 453 3132 duo
481 3058 576 3133 servi
601 3073 686 3133 ante
713 3058 825 3134 aedes
849 3061 889 3134 in
917 3087 1052 3136 scaena
1077 3078 1379 3163 repraesentatas,
1406 3065 1494 3139 item
1517 3065 1557 3139 in
1583 3065 1688 3140 initio
1710 3067 1874 3142 Nubium
1899 3069 1996 3146 Stre·

272 3189 421 3288 psiades
458 3191 648 3290 ipsiusque
680 3190 778 3264 filius
804 3190 1050 3294 Phidippides
1088 3219 1172 3267 cum
1211 3195 1337 3268 servis.
1398 3193 1523 3270 Sensit
1548 3195 1658 3270 etiam
1683 3195 1995 3297 Schoenbornins,

271 3318 341 3394 hos
376 3346 454 3394 non
491 3319 654 3420 potuisse
686 3336 772 3395 ante
805 3323 931 3396 oculos
962 3338 1207 3423 spectatorum
1241 3323 1405 3398 cubitum
1444 3327 1544 3401 exire
1578 3354 1623 3402 ex
1661 3328 1833 3425 aedibus,
1873 3331 1995 3430 itaque

273 3449 481 3549 eccyolema
507 3450 546 3523 in
574 3450 751 3524 auxilium
778 3451 932 3548 vocavit,
957 3450 979 3523 l.
998 3476 1029 3525 c.
1046 3480 1080 3552 p.
1110 3457 1182 3526 325
1208 3469 1244 3528 et
1270 3459 1355 3528 345.
1408 3459 1458 3531 At
1472 3462 1572 3532 eninr
1595 3504 1639 3517 -
1669 3475 1709 3533 ut
1734 3473 1885 3558 taceam,
1911 3488 1994 3540 eum

271 3578 368 3651 nihil
411 3579 549 3654 dixisse
593 3581 639 3656 de
682 3581 847 3677 ratione,
891 3608 965 3680 qua
998 3583 1036 3654 in
1070 3582 1204 3683 Vespis
1238 3584 1522 3684 Bdelycleonem
1558 3589 1825 3689 spectatoribus
1854 3592 1893 3666 in
1928 3594 1993 3669 ad-

272 3723 436 3808 spectum
471 3712 616 3787 venisse
650 3727 832 3808 censeret,
871 3737 981 3810 quem
1009 3713 1209 3788 secundum
1238 3743 1290 3790 vs.
1321 3719 1367 3790 67
1395 3743 1496 3816 seqq.
1525 3720 1718 3821 probabile
1744 3738 1799 3796 est
1824 3722 1864 3796 in
1896 3741 1989 3802 tecto

271 3837 420 3912 aedium
448 3841 644 3916 cubantem
672 3840 836 3941 conspici
856 3885 906 3896 —
930 3844 1012 3941 quis
1039 3871 1115 3918 non
1143 3845 1281 3940 videat,
1309 3873 1421 3945 quam
1451 3850 1582 3923 mirum
1611 3851 1657 3924 sit
1682 3849 1728 3927 de
1750 3856 1993 3953 eccyclemate

269 3969 329 4042 vel
357 3970 470 4043 simili
494 3970 619 4070 aliqua
647 3971 822 4045 machina
849 3974 1030 4074 cogitare,
1056 3978 1138 4073 ubi,
1177 3993 1323 4078 sumpto
1351 3979 1442 4076 veli,
1487 3980 1535 4055 de
1561 4007 1633 4078 quo
1662 4007 1782 4056 sermo
1810 4000 1883 4078 est,
1911 4013 1990 4082 usu,

271 4126 331 4174 res
359 4101 496 4200 optime
522 4129 561 4176 se
582 4101 737 4176 habebit
762 4115 797 4174 et
822 4103 946 4178 nullae
972 4106 1124 4181 omnino
1143 4108 1333 4183 restabunt
1346 4110 1574 4188 difficultates
1591 4113 1646 4211 ⁵)‘?
1665 4159 1714 4168 --
1757 4116 1816 4188 An
1835 4115 1991 4194 idoneae

164 4279 169 4286 -
273 4245 418 4304 exstant
444 4231 616 4329 rationes,
645 4233 780 4332 quibus
807 4234 1000 4334 efficiatur,
1029 4235 1191 4312 Graecos
1218 4240 1290 4314 veli
1316 4241 1526 4318 istiusmodi
1552 4270 1659 4317 usum
1683 4271 1759 4319 non
1786 4246 1990 4323 habuisse?

360 4537 391 4611 5)
415 4539 507 4599 Taceo
529 4541 596 4612 illa,
632 4561 707 4617 quae
736 4541 839 4601 attulit
862 4542 1040 4619 Schlegelius
1069 4545 1087 4604 l.
1112 4563 1135 4603 o.
1160 4545 1224 4604 Vol.
1247 4545 1271 4619 Ι,
1295 4567 1323 4622 p.
1349 4551 1403 4620 59,
1438 4568 1617 4625 quamquam
1647 4550 1741 4611 facere
1771 4573 1830 4613 non
1859 4573 1988 4630 possum.

271 4655 343 4724 quin
364 4673 514 4728 moneam,
538 4656 657 4716 minime
679 4675 742 4716 esse
764 4657 932 4729 ferendum,
955 4658 1034 4732 quod
1057 4658 1220 4735 Geppertns
1243 4664 1278 4720 de
1301 4681 1405 4722 scaena
1427 4684 1471 4742 gr.
1494 4669 1552 4724 vet.
1575 4685 1604 4741 p.
1629 4667 1689 4725 153
1724 4670 1754 4725 et
1784 4667 1988 4728 Rothmannus

270 4767 302 4825 in
325 4773 479 4830 comment.
498 4772 534 4830 do
557 4769 672 4831 theatro
694 4771 802 4830 Athen.
825 4792 854 4847 p.
880 4772 916 4829 ll
942 4790 977 4830 aa
998 4773 1065 4849 ipsa
1087 4776 1251 4836 contrariae
1274 4777 1372 4838 favere
1395 4780 1558 4839 sententiaa
1581 4781 1696 4856 opinati
1719 4790 1796 4843 sunt.
