4568 5702
1151 417 1175 496 ‘l

305 636 390 711 Non
415 637 559 737 opinor.
614 633 725 726 Quod
752 634 851 709 enim
877 661 954 708 non
982 635 1100 710 solum
1127 635 1254 733 logeo,
1299 659 1427 710 verum
1468 633 1578 708 etiam
1612 633 1799 710 orchestra
1826 635 2022 710 utebantur

305 767 352 840 ad
375 769 569 866 agendum,
599 781 746 842 nostrae
773 765 975 842 sententiaa
1001 791 1076 838 non
1104 767 1233 865 officit;
1260 793 1347 842 nam
1369 765 1499 867 procul
1525 763 1640 840 dubio
1664 766 1784 841 velum
1811 791 1888 840 non
1914 793 2021 866 prae-

304 897 524 974 tendebatur
551 899 658 996 logeo
683 897 756 972 nisi
778 923 895 972 vacua
920 895 1018 970 facta
1053 898 1253 972 orchestra.
1306 893 1418 988 Quod
1447 908 1569 970 autem
1613 893 1702 972 olim
1738 896 2021 995 contendebant,

306 1030 444 1104 nullam
472 1029 695 1130 peculiarem
722 1029 794 1104 veli
820 1029 931 1128 hujus
954 1026 1239 1126 appellationem
1264 1025 1439 1102 traditam
1467 1053 1558 1122 esse,
1587 1025 1733 1102 etiamsi
1760 1055 1886 1102 verum
1915 1042 2020 1126 esset,

306 1159 400 1233 nihil
427 1159 612 1260 probaret.
664 1163 715 1235 At
734 1185 861 1236 verum
888 1181 964 1231 non
992 1171 1057 1231 est.
1121 1157 1230 1232 Certe
1264 1157 1376 1232 Duris
1401 1155 1568 1253 Samius,
1605 1155 1808 1258 Polybius,
1843 1159 2021 1260 Synesius

309 1297 528 1388 προσκήνιον
554 1291 833 1392 appellaverunt
859 1289 950 1364 illud
977 1289 1118 1384 velum,
1157 1287 1301 1386 quode
1328 1313 1449 1363 sermo
1477 1302 1551 1384 est,
1599 1303 1635 1363 et
1659 1287 1762 1362 aliud
1789 1289 2021 1364 stmillimum

308 1435 341 1496 et
366 1421 488 1522 ipsum
516 1447 672 1497 scaenae
704 1419 836 1521 parieti
862 1420 1053 1520 praetendi
1079 1420 1245 1516 solitum3
1279 1419 1389 1494 simul
1415 1417 1528 1492 Duris
1552 1443 1647 1517 quae
1673 1418 1874 1495 tradiderat
1899 1434 2021 1496 osten-

307 1551 419 1646 dunt,
446 1551 486 1626 id
511 1553 650 1653 ipsum,
679 1551 779 1650 quod
807 1551 985 1646 dicimus,
1012 1549 1270 1650 proscaenium
1297 1551 1372 1649 jam
1399 1563 1563 1648 tempore
1590 1549 1768 1625 Demetrii
1791 1549 2022 1628 Poliorcetes

308 1680 463 1757 Athenis
514 1681 626 1758 titisse
676 1683 714 1756 in
767 1708 855 1756 usu:
918 1681 1003 1757 vide
1060 1707 1154 1780 quae
1201 1677 1470 1780 disputavimus
1520 1679 1567 1755 de
1613 1679 1757 1757 theatro
1800 1706 1854 1780 gr.
1899 1696 2021 1758 vetere

307 1829 457 1913 egentes
483 1813 523 1887 in
551 1812 824 1913 Encyclopacd.
849 1813 942 1886 liter.
969 1824 1005 1887 et
1030 1825 1096 1885 art.
1119 1810 1148 1906 I,
1175 1811 1259 1886 Vol.
1286 1809 1501 1904 LXXXIII,
1529 1837 1564 1910 p.
1592 1811 1666 1886 216
1681 1838 1783 1912 seqq.
1797 1813 1841 1913 ⁶).
1893 1813 2022 1912 Itaque

307 1944 381 2044 jam
408 1957 548 2019 veteres
575 1944 742 2019 Graecos
764 1969 852 2017 usos
879 1942 1056 2017 essehoc
1082 1941 1164 2016 velo
1190 1957 1330 2017 certum
1354 1956 1436 2058 est.⁸

422 2073 490 2148 Vel
517 2075 571 2148 sio
604 2087 727 2148 tumen
760 2072 1046 2172 haudquaquam
1082 2070 1383 2174 adstipulandum
1420 2097 1500 2147 esse
1534 2095 1667 2148 censeo
1702 2072 1919 2148 hominibus
1954 2071 2020 2146 do-

308 2203 385 2300 ctis,
414 2205 478 2302 qui
500 2219 672 2300 stantum,
700 2204 773 2278 huc
799 2204 1033 2280 referendum
1060 2229 1140 2280 esse
1165 2201 1258 2278 illud
1287 2216 1567 2301 παραπέτασμα,
1596 2229 1670 2301 quo
1697 2205 1744 2280 de
1771 2203 1870 2305 apud
1895 2203 2020 2279 Pollu-

308 2357 386 2409 cem
413 2335 437 2408 l.
461 2357 491 2410 c.
520 2361 640 2411 sermo
667 2353 732 2412 est.
803 2337 1032 2411 Documento
1072 2334 1270 2410 attuleruut
1306 2333 1377 2407 hos
1411 2333 1757 2436 lexicographorum
1790 2335 1893 2411 locos
1920 2334 2023 2409 haud

308 2464 419 2540 dubie
445 2491 528 2540 cum
556 2494 610 2564 co,
639 2469 685 2544 de
712 2495 786 2569 quo
813 2469 943 2567 agitur,
972 2465 1236 2543 conferendos:
1265 2463 1403 2540 Suidae
1429 2491 1458 2539 s.
1484 2491 1519 2539 v.
1547 2465 1682 2540 αὐλαία
1714 2469 1773 2569 (Τ.
1801 2469 1838 2566 I,
1865 2493 1902 2567 p.
1930 2467 2017 2562 858,

310 2599 462 2694 3seqq.
500 2598 719 2698 Bemhard.)
757 2602 925 2701 ejusque,
968 2625 1078 2698 quem
1117 2593 1234 2673 edidit
1269 2595 1460 2670 Bekkerus
1486 2597 1627 2673 Anecd.
1660 2627 1698 2700 p.
1724 2602 1811 2694 463,
1842 2601 1889 2673 14
1914 2602 2052 2696 seqq‘

309 2723 443 2800 crilatu
468 2735 507 2802 τὸ
534 2737 593 2824 τῆς
620 2738 749 2826 σκηνῆς
774 2744 1064 2831 παραπέτασμα·
1091 2740 1258 2824 κέχρηται
1285 2727 1322 2799 tt
1350 2723 1448 2825 αὐτῷ
1466 2727 1653 2827 Ὑπερίδης
1675 2731 1713 2803 ἐν
1744 2735 1796 2828 rqi
1823 2736 1914 2802 actu
1934 2733 2018 2800 Πα-

306 2866 513 2953 τροκλέους,
550 2877 587 2936 et
611 2859 791 2960 Hesychii
814 2889 841 2935 s.
864 2889 899 2936 v.
924 2858 1078 2932 adlata:
1118 2873 1163 2916 -'-
1186 2866 1225 2932 α)
1251 2865 1310 2953 τῆς
1335 2865 1465 2954 σκηνῆς
1491 2873 1777 2960 παραπέτασμα,
1816 2872 1901 2962 post
1927 2883 2023 2958 quae

307 2990 421 3065 verba
464 2991 666 3066 secundum
698 2991 749 3066 Μ.
778 2991 1023 3066 Schmidtium
1054 2989 1133 3064 Vol.
1158 2989 1194 3085 I,
1228 3017 1264 3090 p.
1292 2991 1384 3086 321,
1418 2990 1467 3065 ad
1493 3019 1547 3069 vs.
1575 2995 1623 3067 87
1663 3009 1789 3092 „nepte
1806 2976 2024 3091 Ὑπερίύοας

308 3118 411 3194 addit
437 3121 479 3195 G.
509 3120 612 3196 171”.
665 3123 805 3198 Verum
833 3124 931 3198 enim
959 3145 1046 3196 vero
1072 3119 1129 3194 illi
1156 3120 1410 3222 lexicographi
1443 3122 1492 3196 ad
1527 3149 1642 3198 uuum
1669 3151 1798 3200 omnes
1824 3123 1925 3198 haud
1952 3122 2019 3198 du-

308 3250 369 3326 bie
395 3277 471 3325 non
498 3251 545 3328 de
572 3278 705 3330 scaena
732 3268 767 3330 et
792 3254 935 3330 theatro
963 3251 1232 3349 cogitaverunt,
1274 3251 1340 3327 sed
1367 3253 1414 3328 de
1438 3253 1608 3327 tentorio.
1673 3253 1817 3332 Eodem
1845 3267 2020 3356 spectant,

318 3450 761 3461 -——--.--——--—-————-—·-

395 3551 428 3628 6)
451 3555 510 3629 Iis,
548 3559 665 3633 quael.
688 3579 712 3619 c.
736 3557 900 3634 disputavi,
935 3558 1119 3618 accuratiora
1145 3559 1210 3636 jam
1239 3561 1347 3621 addam
1367 3562 1480 3622 haecce.
1531 3561 1622 3638 Apud
1652 3563 1819 3640 synesium,
1841 3563 1917 3640 Opp.
1939 3563 1971 3622 T.
1994 3557 2018 3635 l,

308 3687 336 3744 p.
361 3671 422 3729 172
446 3670 640 3751 hebingen,
673 3673 752 3732 haud
783 3671 870 3733 dubie
898 3691 993 3734 sermo
1027 3677 1072 3732 est
1094 3674 1130 3732 de
1152 3674 1261 3750 sipario
1283 3676 1457 3748 mimorum,
1495 3693 1552 3751 quo
1584 3677 1620 3736 de
1642 3677 1818 3740 conferenda
1845 3681 1916 3738 sunt
1944 3695 2020 3755 quae

307 3786 425 3862 scripsit
447 3787 478 3848 (l.
502 3786 530 3846 J.
554 3789 667 3865 Grysar
695 3789 731 3848 de
757 3807 880 3848 romano
901 3789 991 3849 mimo
1013 3807 1104 3868 agens
1124 3789 1156 3848 in
1177 3789 1262 3848 Actis
1284 3790 1376 3850 head.
1398 3791 1499 3849 scient.
1522 3790 1650 3852 Vindob.
1671 3793 1737 3853 Vol.
1760 3793 1828 3865 XII,
1851 3794 1892 3869 (p.
1906 3791 1944 3851 41
1959 3786 2020 3869 seq.

307 3902 431 3978 exempli
454 3904 616 3978 separatim
637 3905 718 3980 typis
741 3903 887 3983 excripti).
931 3905 996 3964 Hoc
1017 3923 1086 3980 pars
1108 3906 1228 3965 tantum
1248 3904 1326 3982 logei
1347 3906 1535 3980 operiebatur
1567 3911 1598 3967 et
1629 3908 1683 3968 sub
1714 3927 1748 3969 eo
1777 3909 1911 3968 latebant
1932 3927 2020 3984 para-

307 4018 384 4092 doxi,
406 4022 441 4078 ut
462 4038 528 4080 mea
549 4019 656 4080 luciam
676 4021 769 4080 verba
790 4019 963 4079 sobobastae
985 4020 1023 4080 ad
1043 4018 1180 4078 Juvenal.
1204 4019 1267 4080 Sat.
1289 4020 1373 4094 VIII,
1399 4023 1478 4093 1853
1500 4023 1707 4082 removebatur
1729 4027 1828 4082 autem
1850 4021 2020 4082 diducendo.

307 4133 386 4192 Fieri
406 4137 515 4212 potest,
537 4139 571 4194 ut
594 4135 653 4194 tale
675 4133 816 4209 sipmr'um
838 4131 929 4192 etiam
950 4133 1235 4212 intelligendumsit
1256 4135 1371 4196 inloto
1394 4134 1511 4212 Polybii
1534 4155 1552 4196 a
1574 4135 1665 4197 Suida
1687 4155 1710 4197 s.
1730 4157 1758 4197 v.
1779 4131 1955 4211 προσκήνιον
1977 4137 2021 4194 ul·

306 4247 377 4321 lati,
400 4269 580 4326 quamquam
602 4254 715 4309 certum
737 4253 782 4306 cst
803 4250 930 4320 tantum,
955 4247 1046 4306 etiam
1067 4246 1114 4306 hic
1136 4249 1325 4326 cogitandum
1345 4268 1408 4309 esse
1430 4251 1467 4310 de
1488 4251 1667 4325 proscaenio,
1691 4253 1769 4328 quod
1791 4252 1952 4311 diducendo
1974 4271 2020 4312 re·

306 4369 482 4424 moveretur.
506 4344 618 4427 Contra
645 4364 724 4423 haud
745 4363 864 4422 videtur
885 4360 1081 4419 dubitandum
1102 4378 1181 4434 esse,
1214 4364 1285 4439 quin
1306 4364 1486 4439 proscaenio,
1510 4367 1589 4440 quod
1610 4365 1701 4427 Duris
1723 4370 1801 4444 apud
1822 4368 1931 4428 Athen.
1953 4367 2020 4442 XII,

308 4481 359 4551 50,
381 4500 409 4556 p.
434 4483 505 4554 536,
530 4500 558 4553 a,
581 4481 804 4552 commemorat,
838 4479 954 4555 logeum
976 4478 1073 4534 totum
1100 4476 1147 4535 vel
1168 4479 1287 4536 tantum
1309 4497 1369 4538 non
1390 4482 1488 4536 totum
1518 4482 1600 4559 (ergo
1624 4483 1752 4554 „nicht
1773 4484 1928 4559 partiell”,
1961 4503 2021 4542 non

309 4594 475 4670 ‚‚pertiell”,
497 4597 532 4653 ut
552 4596 633 4672 typis
657 4596 809 4654 exaratum
832 4595 878 4651 est
894 4591 914 4650 l.
937 4608 960 4649 c.
983 4609 1013 4665 p.
1037 4591 1107 4660 217,
1131 4591 1198 4649 adn.
1224 4593 1273 4663 73,
1295 4609 1398 4652 versus
1420 4592 1519 4668 finem)
1540 4595 1630 4655 fuerIt
1651 4602 1795 4674 opertum.
1839 4596 1875 4655 ld
1897 4616 1955 4672 qua
1972 4616 2021 4658 ra·

307 4708 386 4767 tione
414 4709 557 4770 removeri
587 4711 707 4769 solltum
730 4709 784 4780 sit,
815 4705 949 4766 everbis
978 4705 1130 4780 scriptoris
1158 4724 1217 4764 non
1245 4705 1355 4781 liquet;
1385 4709 1419 4765 at
1448 4709 1552 4786 conjici
1580 4683 1693 4786 potest,
1725 4712 1815 4770 immo
1838 4729 1907 4770 vero
1930 4711 2021 4769 etiam

306 4823 368 4882 veri
397 4827 442 4882 est
464 4823 569 4897 simile,
590 4827 666 4885 hanc
687 4825 724 4884 ab
745 4825 796 4883 illa
818 4841 876 4881 non
897 4820 988 4879 fuisse
1010 4821 1166 4880 diversam.
