4568 5702
323 1305 507 1473 Srmmo
543 1383 794 1490 magistratu
828 1384 1085 1480 academico,
1128 1407 1253 1488 quem
1284 1405 1360 1487 per
1389 1380 1607 1464 biennium
1637 1383 1766 1490 gessi,
1794 1382 2040 1490 perlunctus

321 1527 517 1610 renuncio
556 1552 835 1610 successorem
878 1527 1132 1635 collegamm
1171 1524 1379 1631 suffragiis
1429 1533 1616 1608 creatum
1661 1536 1704 1608 et
1746 1527 2040 1610 confirmatum

322 1672 376 1752 ab
406 1670 477 1767 iis,
513 1696 689 1777 quorum
719 1673 799 1754 hoc
830 1679 939 1768 erat,
978 1671 1115 1753 virum
1146 1670 1557 1777 experientissimum

542 1865 1144 2037 GEORGIUM
1199 1867 1574 2049 WAITZ
1626 1867 1758 2051 D„

319 2171 443 2252 quem
485 2145 683 2228 laudibus
730 2169 877 2228 ornare
921 2168 1276 2250 supervacaneum
1316 2153 1397 2242 est,
1438 2172 1567 2251 quum
1604 2149 1683 2229 hoc
1723 2148 1882 2254 ipsum,
1926 2145 2040 2252 quod

321 2292 503 2397 collegae
542 2291 597 2371 ab
637 2314 685 2372 eo
722 2314 833 2371 nunc
871 2289 1054 2372 maxime
1090 2289 1178 2395 regi
1216 2288 1440 2372 voluerunt
1482 2292 1591 2373 hanc
1630 2293 1920 2390 Academiam,
1961 2318 2038 2400 pro

319 2436 493 2520 summis
521 2434 720 2516 laudibus
761 2434 828 2515 sit.
902 2433 1059 2515 Amisit
1097 2441 1299 2515 rectorem
1333 2457 1454 2514 suum
1483 2432 1708 2542 Georgium
1740 2435 1920 2544 Georgia
1950 2440 2036 2518 Au-

318 2588 461 2688 gusta,
502 2606 553 2661 ex
591 2578 738 2660 inclita
777 2605 920 2686 regum
951 2577 1101 2683 stirpe,
1146 2577 1212 2659 cui
1249 2576 1353 2658 haee
1383 2575 1613 2659 Academia
1642 2579 1862 2686 originem,
1906 2582 2037 2664 inere-

317 2732 479 2822 menta,
511 2724 687 2832 gloriam
717 2724 862 2818 debet,
891 2723 1123 2805 oriundum.
1186 2721 1310 2804 Caret
1339 2721 1508 2802 interim
1540 2731 1711 2805 rectore.
1773 2723 1909 2824 Quare
1939 2727 2035 2822 Vos,

319 2867 652 2964 Commilitones,
692 2868 835 2949 hortor
874 2873 1002 2970 atque
1042 2890 1207 2961 menen,
1247 2874 1296 2947 ut
1326 2866 1491 2948 labores
1523 2868 1630 2972 ejus,
1672 2868 1738 2950 eui
1768 2895 1845 2975 pro
1875 2878 2035 2952 rectore

315 3012 541 3094 videndum
571 3014 667 3110 erit,
714 3037 766 3096 nc
806 3011 907 3117 quid
947 3008 1188 3092 detrimenti
1223 3009 1366 3116 capiat
1392 3016 1537 3091 nostra
1566 3013 1805 3116 respublica
1835 3014 2033 3110 literaria,

316 3182 477 3238 morum
515 3159 738 3241 honestate
777 3159 1000 3263 legumque
1032 3153 1266 3236 reverentia
1307 3160 1350 3234 et
1389 3154 1610 3259 obsequie,
1658 3165 1864 3261 quantum
1904 3183 2034 3264 penes

314 3302 400 3382 Vos
429 3308 504 3396 est,
534 3301 735 3383 minuatis
766 3309 894 3405 atque
923 3298 1101 3394 omnino,
1135 3297 1237 3403 quid
1269 3297 1411 3394 Vobis,
1440 3297 1543 3404 quid
1562 3299 1737 3403 patriae,
1768 3300 1871 3404 quid
1895 3303 2032 3385 almae

315 3445 414 3526 huic
443 3445 657 3526 Musarum
689 3443 778 3525 sedi
810 3441 1020 3538 debeatis,
1056 3443 1187 3549 probe
1217 3440 1506 3524 memineritis.

1210 3677 1386 3686 .——--—-——

426 3839 549 3913 Julius
572 3839 706 3915 Pollux
743 3867 836 3939 quae
870 3839 915 3915 de
942 3867 982 3914 rc
1008 3838 1177 3920 scaenica
1205 3837 1423 3940 conscripsit
1450 3863 1495 3912 ex
1520 3853 1624 3940 parte
1647 3853 1722 3912 tam
1748 3855 1833 3914 suut
1859 3838 2030 3936 obscura,

319 3989 359 4046 ut
394 3972 563 4070 quamvis
596 3971 659 4044 diu
696 3972 761 4068 sit,
799 3999 843 4046 ex
878 3999 951 4071 quo
988 3970 1287 4045 doctissimorum
1320 3969 1521 4044 eorundem
1560 3985 1669 4067 atque
1704 3969 2027 4066 sagacissimorum

315 4104 507 4179 hominum
533 4129 622 4176 cura
649 4119 684 4176 et
711 4103 831 4178 studio
856 4117 1010 4178 tractata
1037 4117 1131 4197 sunt,
1158 4116 1281 4176 tamen
1310 4100 1521 4174 etiamnunc
1547 4098 1619 4172 loci
1655 4099 1779 4198 paullo
1799 4097 2028 4176 difficiliores

314 4249 454 4310 tantum
481 4259 558 4306 non
585 4260 716 4308 ornnes
743 4233 800 4308 vel
827 4231 1084 4308 emendatione
1112 4249 1245 4330 egeant
1270 4230 1328 4306 vel
1355 4229 1601 4332 explicatione
1627 4229 1773 4306 idonea.

423 4363 662 4439 Vexatissimi
690 4364 762 4438 loci
788 4363 1022 4438 continentur
1047 4361 1103 4455 iis,
1133 4387 1227 4459 quae
1250 4361 1443 4436 Onomast.
1470 4359 1534 4456 IV,
1565 4363 1636 4436 121
1665 4389 1767 4463 seqq.
1795 4364 2029 4464 reperiuntur

313 4496 458 4596 scripta
510 4493 614 4569 Haec
650 4495 738 4593 quin
777 4493 825 4568 ad
857 4493 1137 4568 celeberrimum
1170 4491 1262 4567 illud
1288 4493 1470 4566 theatrum
1499 4492 1706 4595 lapideum,
1743 4495 1841 4594 quod
1869 4495 2028 4570 Athenis

312 4627 382 4702 fuit
395 4626 462 4702 sub
477 4650 572 4721 arce,
602 4623 706 4698 etad
727 4650 805 4698 rem
833 4626 1041 4699 scaenicum
1059 4623 1341 4698 Atheniensium
1370 4640 1543 4724 spectent,
1572 4626 1631 4700 vel
1648 4641 1844 4728 propterea
1863 4624 2027 4702 dubitari

315 4759 460 4858 nequit,
496 4756 596 4856 quod
622 4755 756 4831 Pollux
782 4756 963 4856 theatrum
988 4752 1249 4856 appellandum
1278 4780 1359 4827 esse
1383 4750 1474 4829 dicit
1501 4759 1680 4857 θέατρον,
1715 4758 1752 4831 h.
1781 4731 1810 4832 e
1840 4757 2025 4834 theatrum
