4568 5702
1100 347 1128 424 4
1212 437 1217 450 .

253 585 433 668 tanquam
460 567 614 644 nomine
638 564 801 666 proprio,
831 589 925 664 quae
951 561 1092 638 notatio
1119 563 1250 640 eodem
1277 563 1373 639 redit
1399 578 1509 662 atque
1534 562 1703 638 usitatior
1729 561 1804 657 ille,
1832 587 1877 638 ex
1902 588 1976 660 qua

254 725 321 799 per
347 697 588 772 eminentiam
617 709 768 770 vocatur
804 705 843 768 τὸ
883 697 1052 794 θέατρον)
1080 703 1143 768 καὶ
1169 698 1407 768 Διονυσιακὸν
1449 693 1607 784 θέατρον
1633 701 1695 766 καὶ
1722 689 1975 786 Δηναϊυόν,

253 827 355 926 iique
380 840 530 927 poetae,
565 825 613 900 ad
640 851 733 924 quos
759 841 954 926 provocat,
982 850 1060 899 non
1087 840 1172 900 sunt
1198 823 1272 898 nisi
1297 823 1431 922 tragici
1457 839 1521 897 aut
1546 823 1680 898 cornici
1707 821 1832 896 Attici.

1100 1061 1129 1132 Ι.

368 1212 515 1286 Primus
555 1213 657 1290 locus
687 1215 855 1290 nondum
889 1213 938 1290 ad
976 1217 1159 1316 liquidum
1196 1217 1394 1318 perductus
1430 1215 1494 1290 hic
1526 1231 1597 1314 est,
1632 1220 1669 1313 ξ.
1710 1216 1782 1290 122
1816 1211 1975 1314 positus:

251 1347 387 1437 υἔξεστι
423 1347 460 1418 dt
497 1354 559 1418 καὶ
595 1351 632 1418 τὸ
669 1359 939 1443 παραπέτασμα
977 1353 1133 1423 αὐλαίαν
1170 1353 1307 1440 καλεῖν,
1325 1346 1513 1446 Ὑπερίδου
1552 1349 1713 1430 εἰπόντος
1744 1346 1782 1418 ἐν
1807 1351 1857 1443 τῷ
1883 1351 1974 1416 κατὰ

255 1483 506 1576 Πατροκλέους
538 1477 599 1568 „oi
626 1480 663 1552 δὲ
689 1479 790 1551 ἐννέα
818 1476 986 1574 ἄρχοντες
1014 1479 1194 1552 εἱστιῶντο
1222 1481 1259 1552 έν
1284 1486 1325 1576 τῇ
1352 1487 1450 1577 στοᾷ,
1479 1487 1796 1578 περιφραξάμενοί
1818 1504 1850 1548 τι
1865 1487 1976 1569 μέρος

259 1607 367 1704 αὐτῆς
393 1605 567 1706 αὕλαίᾳ.“
1717 1685 1720 1694 ,

325 1799 328 1806 ,
370 1737 585 1836 Quaeritur,
631 1738 720 1838 quid
747 1737 973 1838 significetur
998 1739 1114 1814 verbo
1142 1753 1420 1838 παραπέτασμα.
1473 1741 1666 1843 Multiplex
1693 1740 1792 1816 enim
1822 1735 1891 1812 fuit
1918 1761 1978 1810 ve·

255 1871 376 1944 lorum
414 1868 454 1942 in
495 1870 640 1948 theatro
677 1887 786 1969 atque
821 1897 860 1944 re
896 1869 1065 1944 scaenica
1090 1897 1179 1945 usus
1200 1870 1240 1970 ¹).
1294 1871 1452 1947 Plurimi
1477 1873 1541 1973 agi
1567 1883 1788 1948 censuerunt
1813 1868 1860 1943 de
1884 1867 1978 1962 velo,

256 1998 356 2099 quod
389 1998 498 2100 logeo
524 2017 755 2101 praetentum
782 2014 896 2097 esset,
932 2014 1042 2098 atque
1068 2000 1164 2076 inter
1189 2001 1259 2076 hos
1285 2001 1443 2100 fuerunt,
1472 2003 1535 2102 qui
1562 2003 1660 2104 apud
1688 2000 1877 2075 Pollucem
1904 1999 1978 2074 Ro-

257 2156 408 2204 manum
437 2129 620 2207 theatrum
648 2157 728 2208 esse
754 2129 1033 2228 intelligendum
1060 2146 1273 2230 statuerent,
1301 2133 1400 2234 apud
1425 2131 1588 2208 Graecos
1614 2132 1686 2207 veli
1711 2130 1810 2205 illius
1837 2129 1979 2204 nullum

257 2261 371 2336 firisse
398 2288 504 2337 usum
534 2263 796 2338 contendentes
809 2261 853 2364 2).
904 2263 954 2335 At
979 2261 1069 2356 hoc,
1106 2263 1207 2361 quod
1228 2278 1415 2364 postremo
1443 2265 1525 2338 loco
1549 2262 1645 2360 dixi,
1678 2262 1710 2336 si
1735 2263 1815 2364 jure
1840 2260 1979 2335 factum

257 2405 361 2488 esset,
390 2392 465 2490 jam
492 2410 686 2495 propterea
712 2408 808 2468 esset
834 2392 1041 2494 respuenda
1054 2393 1118 2468 illa
1132 2395 1237 2470 verbi
1252 2407 1520 2492 παραπέτασμα
1534 2392 1797 2494 interpretatio.
1849 2391 1979 2490 Neque

258 2520 358 2594 enim
393 2521 555 2598 dubitari
586 2537 724 2625 potest,
765 2525 856 2622 quin
889 2525 1022 2600 Pollux
1058 2525 1113 2600 rei
1150 2524 1360 2622 scaenicae,
1394 2526 1514 2626 qualis
1549 2525 1620 2601 fuit
1651 2523 1751 2625 apud
1776 2524 1977 2617 Romanos,

256 2649 397 2726 nullam
425 2653 578 2728 omnino
606 2655 787 2730 rationem
810 2654 979 2732 labuerit.

520 2821 720 2829 ’,η-...ύμ-

369 2919 400 2992 1)
423 2919 597 2996 Exemplum
629 2937 700 2978 usus
735 2921 888 2996 cujusdam
922 2919 1070 2980 rarissimi
1103 2923 1343 2983 commemoravit
1373 2923 1437 3000 ipse
1469 2926 1574 2986 Pollux
1607 2929 1705 3004 paullo
1738 2923 1817 2984 inira
1849 2924 1875 2994 ἓ.
1904 2921 1974 2993 125,

259 3035 310 3095 ubi
338 3037 409 3095 haec
439 3036 549 3111 scripta
580 3036 735 3112 legtmtur:
764 3031 798 3094 τὸ
829 3031 862 3094 δὲ
890 3036 1005 3094 κλίσιον
1036 3031 1067 3093 ἒν
1094 3034 1241 3122 κωμῳδίᾳ
1266 3031 1448 3115 πάρακτιται
1471 3034 1552 3118 παρὰ
1575 3036 1623 3112 τὴν
1653 3039 1766 3110 οίκιάν,
1797 3030 1978 3118 nequeeni-

260 3161 352 3228 σματι
375 3146 556 3225 δηλούμενον
562 3194 574 3222 ,
606 3155 658 3210 καί
680 3150 743 3209 ἔστι
765 3153 820 3228 μὲν
843 3145 980 3224 σταθμὸς
1006 3144 1180 3228 ὑποζυγίων,
1204 3158 1256 3212 καί
1279 3153 1312 3212 αἱ
1333 3149 1431 3234 θύραι
1454 3147 1545 3214 αὐτοῦ
1567 3153 1686 3232 μείζους
1709 3151 1842 3222 δοκοῦσι,
1865 3146 1978 3210 καλού-

262 3287 350 3342 μεναι
377 3261 543 3335 ιιλισιιὶδες,
578 3259 652 3346 πρὸς
685 3263 715 3325 τὸ
746 3271 797 3325 καί
819 3259 873 3336 τὰς
896 3259 1020 3343 ἁμάξας
1043 3261 1218 3338 τίςτλαιὶνειν
1239 3273 1289 3327 καί
1312 3261 1348 3327 τὰ
1373 3264 1538 3347 σκευοφόρα
1561 3273 1630 3329 cett.
1675 3271 1783 3329 Errare
1805 3267 1883 3326 enim
1904 3265 1977 3324 Kol-

261 3387 373 3441 sterum
403 3381 536 3458 Sophocl.
560 3381 644 3439 Stud.
677 3401 706 3456 p.
736 3381 794 3454 27,
817 3383 914 3441 verbis
936 3383 992 3442 huc
1015 3383 1230 3460 pertinentibus
1252 3384 1327 3444 hanc
1349 3385 1467 3444 subesse
1489 3386 1668 3445 sententiam
1689 3387 1872 3444 censentem:
1908 3381 1979 3439 »der

262 3497 338 3558 Stall
361 3498 431 3556 aber
452 3497 533 3556 ward
555 3495 645 3554 durch
662 3496 725 3554 eine
739 3495 1103 3576 aeltaatichorrichtung
1117 3499 1319 3576 hergestellt«‚
1342 3502 1411 3561 eolis
1433 3473 1495 3560 lucc
1518 3501 1624 3561 clarius
1647 3503 1700 3560 est.
1745 3497 1979 3560 Schoenbornius

260 3613 281 3674 l.
298 3634 321 3673 c.
344 3634 373 3689 p.
400 3613 436 3671 71
463 3615 493 3669 et
518 3613 588 3682 106,
612 3611 679 3670 adn.
694 3611 732 3670 41
758 3615 976 3689 παραπέτασμα
1000 3613 1058 3672 dici
1080 3614 1218 3690 opinatur
1239 3616 1344 3688 velum,
1369 3616 1400 3674 in
1424 3635 1481 3692 quo
1504 3635 1608 3675 scaena
1629 3616 1713 3694 pingi
1735 3615 1823 3675 solita
1844 3611 1892 3673 sit.
1936 3611 1980 3670 At

263 3731 289 3790 ei
319 3728 474 3806 quominus
503 3727 717 3802 adstipulamur
746 3726 882 3802 prohibet
910 3727 957 3786 vel
984 3728 1028 3798 id,
1059 3730 1137 3803 quod
1165 3731 1256 3790 verba
1289 3729 1540 3808 παραπετάσματι
1573 3727 1752 3805 δηλούμενον
1783 3731 1863 3790 nullo
1892 3733 1979 3806 pacto

262 3845 426 3923 significare
459 3845 584 3916 possunt
618 3841 668 3898 »in
689 3842 755 3900 velo
777 3841 919 3918 pictum«.
961 3841 1110 3912 Quomodo
1138 3845 1378 3920 interpretandus
1401 3851 1478 3906 esset
1500 3847 1546 3906 hio
1568 3849 1647 3907 locus
1669 3845 1812 3918 Pollucis,
1842 3863 1895 3922 ego
1915 3845 1979 3920 jam

263 3961 373 4020 dudmn
395 3960 550 4016 docueram
571 3957 603 4014 in
624 3956 718 4028 libro,
741 3956 791 4032 qui
813 3956 984 4016 inscribitur
1008 3959 1283 4038 »Theatergebtude
1304 3964 1366 4021 und
1387 3962 1565 4022 Denkmaler
1586 3963 1636 4020 des
1658 3961 1928 4034 Btthnenwssens«,
1950 3981 1979 4038 p.

265 4076 322 4146 81,
356 4073 423 4132 adn.
448 4071 485 4131 ad
507 4071 568 4129 tab.
591 4071 637 4142 X,
670 4071 718 4148 fig.
744 4071 797 4142 10,
829 4090 992 4145 provocans
1015 4075 1053 4132 ad
1075 4077 1200 4151 ectypon
1223 4075 1347 4152 Neapoli
1370 4078 1574 4148 adservatum,
1608 4078 1686 4153 quod
1719 4079 1814 4136 denuo
1836 4077 1980 4135 edendnm

266 4189 367 4249 curavi
388 4187 458 4246 ibid.
481 4187 543 4244 tab.
556 4185 606 4256 XI,
629 4183 678 4262 fig.
696 4185 723 4254 1,
746 4185 794 4243 vel
816 4204 834 4243 u
856 4185 890 4246 G.
914 4187 950 4246 A.
973 4187 1102 4248 Beelrero
1124 4190 1155 4248 in
1170 4190 1276 4268 Paulyi
1298 4191 1454 4268 Enoyclop.
1477 4211 1500 4250 s.
1523 4213 1552 4252 τ.
1563 4193 1708 4252 Aulaeum
1730 4190 1977 4266 V01.1p.1010

264 4325 370 4382 parum
390 4303 580 4362 intellectum.

376 4417 408 4490 2)
432 4417 476 4476 Ex
497 4417 544 4476 his
567 4417 662 4492 primo
684 4417 747 4476 loco
770 4416 965 4476 nominandus
988 4420 1033 4476 ast
1047 4416 1230 4477 Godofrsdus
1244 4417 1441 4492 Hermannus,
1464 4420 1515 4498 qui
1536 4442 1625 4498 quam
1643 4423 1718 4482 olim
1739 4421 1771 4480 in
1785 4421 1879 4480 Nunt.
1901 4421 1980 4480 liter.
2008 4495 2010 4501 Ι

267 4535 411 4611 Lipsiens.
435 4552 461 4591 a.
484 4530 734 4602 mccccxvffl,
757 4551 785 4607 p.
812 4531 894 4591 1906
918 4533 953 4591 de
976 4532 1031 4591 hac
1052 4551 1085 4592 ra
1107 4538 1302 4610 proposuerat
1325 4536 1514 4608 sententiam,
1537 4538 1676 4614 repetivit
1697 4539 1729 4596 in
1750 4538 1866 4596 dissert.
1889 4537 1925 4595 de
1946 4553 1979 4595 re

266 4667 342 4708 scen.
372 4647 404 4704 in
426 4644 562 4720 Aeschyl.
586 4646 723 4718 Orestes,
746 4668 775 4722 p.
800 4648 849 4706 13.
895 4646 995 4706 Simile
1018 4649 1107 4722 atque
1128 4648 1317 4710 Hermannus
1335 4650 1479 4727 judicium
1500 4653 1626 4728 protulit
1647 4651 1847 4714 Groddeckius
1868 4651 1900 4710 in
1921 4651 1981 4709 dis·

267 4767 330 4844 put.
352 4763 388 4820 de
404 4761 505 4820 aulaeo
528 4765 559 4819 et
573 4762 710 4837 proedria
732 4762 793 4836 Gr,
814 4762 952 4838 praeleet.
966 4761 998 4820 in
1009 4761 1143 4822 Univers.
1163 4764 1240 4825 liter.
1256 4765 1389 4826 Vilnansi
1405 4785 1437 4824 a.
1453 4765 1653 4828 MDCOCXXI
1668 4766 1792 4826 haband.
1808 4765 1980 4841 praemissa,
